,company_name,ceo_name,headquarters_address,end_date,updated_date,edinet_updated_date,tdnet_updated_date,edinet_title,tdnet_title,accounting_standard,num_of_shares,issued_share_num,treasury_stock_num,assets,current_assets,cash_and_deposits,trade_receivables,notes_accounts_receivable,notes_receivable,accounts_receivable,current_securities,inventories,merchandise,work_in_process,raw_materials_and_supplies,prepaid_expenses,current_dta,current_allowance_doubtful_accounts,non_current_assets,tangible_fixed_assets,buildings,machineries,land,construction_in_progress,intangible_assets,good_will,investments_and_other_assets,investment_securities,non_current_dta,non_current_allowance_doubtful_accounts,lease_and_guarantee_deposits,liabilities,debt,current_liabilities,trade_payables,notes_accounts_payable,accounts_payable,notes_payable,short_term_bonds_payable,short_term_loans_payable,commercial_papers_liabilities,current_lease_obligations,current_portion_of_long_term_loans,current_portion_of_bonds,current_portion_of_convertible_bonds,current_portion_of_bonds_with_subscription_rights,advances_received,corporate_tax_payable,non_current_liabilities,bonds_payable,convertible_bonds,convertible_bond_type_bonds_with_subscription_rights,non_current_bonds_with_subscription_right,long_term_loans_payable,non_current_lease_obligations,non_current_dtl,net_assets,shareholders_equity,capital_stock,additional_capital_stock,retained_earnings,treasury_stock,valuation_and_translation_adjustments,non_controlling_interests,net_sales,cost_of_sales,gross_profit,gross_margin,sga,operating_income,operating_margin,non_operating_income,interest_and_dividends_income,interest_income,dividends_income,equity_method_income,non_operating_expenses,interest_expense,equity_method_loss,ordinary_income,extraordinary_income,gain_of_sales_non_current_assets,gain_of_sales_investment_securities,extraordinary_loss,loss_of_sales_non_current_assets,loss_of_valuation_investment_securities,impairment_loss,income_before_income_taxes,income_taxes,real_corporate_tax_rate,net_income,non_controling_interests,profit_loss_attributable_to_owners_of_parent,net_profit_margin,operating_cash_flow,income_before_taxes,depreciation,amortization,decrease_trade_receivables_op_cf,decrease_inventories_op_cf,increase_trade_payables_op_cf,investment_cash_flow,purchase_of_property,sale_of_property,purchase_of_intangible_assets,sale_of_intangible_assets,purchase_of_non_current_assets,sale_of_non_current_assets,purchase_of_securities,sale_of_securities,purchase_of_investment_securities,sale_of_investment_securities,lending,return_of_lending,financial_cash_flow,net_short_term_debt,long_term_debt_issuance,long_term_debt_repayment,bonds_issuance,bonds_repayment,share_repurchase,share_sales,dividend_payment,cash_translation_difference,free_cash_flow,ex_net_sales,ex_operating_income,ex_ordinary_income,ex_net_income,dividend,eps_actual,bps,ebitda_forecast,ebitda_actual,roe,real_roe,total_asset_turnover,financial_leverage,roa,roic,doe,net_sales_operating_cash_flow_ratio,sga_ratio,depreciation_gross_profit_ratio,r_and_d_ratio,interest_op_income_ratio,interest_coverage_ratio,net_sales_progress,operating_income_progress,net_income_progress,net_sales_growth_rate_forecast,operating_income_growth_rate_forecast,net_income_growth_rate_forecast,cash_assets_ratio,cash_monthly_sales_ratio,accounts_receivable_turnover,inventory_turnover,trade_payable_turnover,working_capital,ccc,tangible_fixed_assets_turnover,debt_assets_ratio,debt_monthly_sales_ratio,operating_cash_flow_debt_ratio,net_debt,adjusted_debt_ratio,de_ratio,current_ratio,net_debt_net_income_ratio,equity,equity_ratio,accrual,employee_num,net_sales_per_employee,operating_income_per_employee,segment_member,increase_in_properties,r_and_d_expenses,fiscal_year,fiscal_quarter,to_datetime
0,株式会社秋川牧園,代表取締役社長　　秋川　正,山口県山口市仁保下郷317番地,2017-09-30T00:00:00.000Z,2017-11-10T09:21:00.000Z,2017-11-10T09:21:00.000Z,2017-11-06T15:30:00.000Z,【E00344】株式会社秋川牧園 四半期報告書－第39期第2四半期(平成29年7月1日－平成29年9月30日),【13800】株式会社秋川牧園 平成30年３月期 第２四半期決算短信〔日本基準〕（連結）,Japan GAAP,4169200.0,4179000.0,9800.0,4677551000.0,1983634000.0,581763000.0,638175000.0,638175000.0,,,,564210000.0,256054000.0,232267000.0,75889000.0,,29800000.0,-2127000.0,2693916000.0,2503783000.0,862820000.0,392213000.0,957996000.0,190241000.0,73008000.0,28882000.0,117123000.0,,,-328000.0,,3176722000.0,2088519000.0,1728048000.0,424323000.0,424323000.0,,,,947551000.0,,5147000.0,,,,,,21735000.0,1448674000.0,,,,,1114199000.0,21622000.0,15488000.0,1500828000.0,1472514000.0,714150000.0,553441000.0,210746000.0,-5823000.0,28031000.0,281000.0,2605231000.0,1953559000.0,651672000.0,25.013981485710865,639733000.0,11939000.0,0.45827030309404426,36170000.0,,57000.0,531000.0,,5793000.0,5775000.0,,42315000.0,705000.0,705000.0,,4184000.0,931000.0,,,38835000.0,17306000.0,44.56289429638213,21529000.0,281000.0,21247000.0,0.8155514808475716,5367000.0,38835000.0,162853000.0,1824000.0,-12245000.0,-175083000.0,14689000.0,-425139000.0,-429470000.0,2917000.0,,,,,,,,,,,182452000.0,,306000000.0,-96622000.0,,,-1244000.0,,-20643000.0,,434837000.0,5550000000.0,129000000.0,140000000.0,85000000.0,,20.497937254149477,359.91245322843713,293677000.0,176616000.0,5.6952564631431075,5.673240970014008,1.1755788445705884,3.1172305832473093,1.8270244407810838,1.5536075402347016,1.3892267286529512,0.2060086034597316,24.555711182616818,24.99002565707902,0.0,48.37088533378005,2.0673593073593075,46.9410990990991,9.255038759689922,24.996470588235294,113.03293258831944,980.4925035597622,300.0564785616793,12.437341677300791,1.2695711633201974,42.36062489656891,50.16567071793811,37.72788127833192,778062000.0,54.7984143361751,2.1962086969997,44.649839200042926,4.55773828250737,623.8985162194215,1506756000.0,210.8465729621525,1.3918384429144839,114.79044563576937,17.631125672829395,1500547000.0,32.07975712076683,19359000.0,,,,"{'segments': [{'name': 'DirectSalesBusiness', 'type': 'Segment'}, {'name': 'ProductionAndWholesaleBusiness', 'type': 'Segment'}], 'periods': [{'name': 'Prior1YTDDuration', 'start_date': '2016-04-01', 'end_date': '2016-09-30'}, {'name': 'CurrentYTDDuration', 'start_date': '2017-04-01', 'end_date': '2017-09-30'}], 'values': [{'segment': 'DirectSalesBusiness', 'period': 'Prior1YTDDuration', 'net_sales': '543716000', 'operating_income': '3741000', 'revenues_from_external_customers': '542852000', 'transactions_with_other_segments': '864000'}, {'segment': 'DirectSalesBusiness', 'period': 'CurrentYTDDuration', 'net_sales': '575559000', 'operating_income': '3302000', 'revenues_from_external_customers': '574160000', 'transactions_with_other_segments': '1399000'}, {'segment': 'ProductionAndWholesaleBusiness', 'period': 'Prior1YTDDuration', 'net_sales': '2190035000', 'operating_income': '213779000', 'revenues_from_external_customers': '2030450000', 'transactions_with_other_segments': '159585000'}, {'segment': 'ProductionAndWholesaleBusiness', 'period': 'CurrentYTDDuration', 'net_sales': '2192049000', 'operating_income': '171956000', 'revenues_from_external_customers': '2031071000', 'transactions_with_other_segments': '160978000'}]}",,,2017.0,2.0,2017-11-10 09:21:00+00:00
1,株式会社秋川牧園,代表取締役社長　　秋川　正,山口県山口市仁保下郷317番地,2017-12-31T00:00:00.000Z,2018-02-09T10:37:00.000Z,2018-02-09T10:37:00.000Z,2018-02-05T15:30:00.000Z,【E00344】株式会社秋川牧園 四半期報告書－第39期第3四半期(平成29年10月1日－平成29年12月31日),【13800】株式会社秋川牧園 平成30年３月期 第３四半期決算短信〔日本基準〕（連結）,Japan GAAP,4169200.0,4179000.0,9800.0,4980921000.0,2215158000.0,626627000.0,812646000.0,812646000.0,,,,576634000.0,211481000.0,272751000.0,92402000.0,,28084000.0,-1610000.0,2765763000.0,2562597000.0,858084000.0,457053000.0,957996000.0,189259000.0,72422000.0,27970000.0,130743000.0,,,-335000.0,,3436985000.0,2296413000.0,1811539000.0,480800000.0,480800000.0,,,,986446000.0,,5185000.0,,,,,,15726000.0,1625446000.0,,,,,1282106000.0,22676000.0,17654000.0,1543936000.0,1510250000.0,714150000.0,553441000.0,248481000.0,-5823000.0,33550000.0,136000.0,4171660000.0,3115773000.0,1055887000.0,25.310955351107232,985857000.0,70030000.0,1.6787082360499177,43802000.0,,79000.0,918000.0,,8841000.0,8811000.0,,104990000.0,3778000.0,1693000.0,,8702000.0,965000.0,,,100066000.0,40947000.0,40.919992804748865,59118000.0,136000.0,58982000.0,1.4138736138611487,,100066000.0,,,,,,,,,,,,,,,,,,,,,,,,,,,,,0.0,5550000000.0,129000000.0,140000000.0,85000000.0,,20.497937254149477,370.2868655857239,129000000.0,70030000.0,5.535691151703589,5.5148897506038566,1.1039785613945694,3.226403031480762,1.71574694720113,1.4520027925534338,1.3503044435807747,0.0,23.632247115057314,0.0,0.0,12.581750678280738,7.9480195210532285,75.16504504504505,54.286821705426355,69.39058823529412,33.040564187877244,84.2067685277738,44.111762910718525,12.580544843011964,1.367477081488244,53.941618489751455,51.27032730502388,42.74942748477454,908480000.0,62.4625183100008,2.145803651530069,46.10418434662987,5.011421702434882,686.0022165596723,1669786000.0,221.77545024742557,1.487506801399145,122.28044772980323,19.538801778609876,1543800000.0,30.994267927557978,63906000.0,,,,"{'segments': [{'name': 'DirectSalesBusiness', 'type': 'Segment'}, {'name': 'ProductionAndWholesaleBusiness', 'type': 'Segment'}], 'periods': [{'name': 'CurrentYTDDuration', 'start_date': '2017-04-01', 'end_date': '2017-12-31'}, {'name': 'Prior1YTDDuration', 'start_date': '2016-04-01', 'end_date': '2016-12-31'}], 'values': [{'segment': 'DirectSalesBusiness', 'period': 'CurrentYTDDuration', 'net_sales': '903059000', 'operating_income': '8174000', 'revenues_from_external_customers': '900766000', 'transactions_with_other_segments': '2293000'}, {'segment': 'DirectSalesBusiness', 'period': 'Prior1YTDDuration', 'net_sales': '858677000', 'operating_income': '9074000', 'revenues_from_external_customers': '857330000', 'transactions_with_other_segments': '1347000'}, {'segment': 'ProductionAndWholesaleBusiness', 'period': 'CurrentYTDDuration', 'net_sales': '3522866000', 'operating_income': '306717000', 'revenues_from_external_customers': '3270894000', 'transactions_with_other_segments': '251972000'}, {'segment': 'ProductionAndWholesaleBusiness', 'period': 'Prior1YTDDuration', 'net_sales': '3479804000', 'operating_income': '337582000', 'revenues_from_external_customers': '3228210000', 'transactions_with_other_segments': '251593000'}]}",,,2017.0,3.0,2018-02-09 10:37:00+00:00
2,株式会社秋川牧園,代表取締役社長　　秋川　正,山口県山口市仁保下郷317番地,2018-03-31T00:00:00.000Z,2018-06-27T09:14:00.000Z,2018-06-27T09:14:00.000Z,2018-05-11T15:30:00.000Z,【E00344】株式会社秋川牧園 有価証券報告書－第39期(平成29年4月1日－平成30年3月31日),【13800】株式会社秋川牧園 平成30年３月期 決算短信〔日本基準〕（連結）,Japan GAAP,4169178.0,4179000.0,9822.0,5036398000.0,2071370000.0,624482000.0,646760000.0,646760000.0,,,,605636000.0,164844000.0,346719000.0,94073000.0,,39367000.0,-1436000.0,2965028000.0,2727778000.0,2437873000.0,1617745000.0,1012142000.0,90569000.0,66434000.0,27058000.0,170815000.0,109083000.0,31418000.0,-349000.0,,3462443000.0,2332394000.0,1858610000.0,454876000.0,454876000.0,,,,1026939000.0,,4712000.0,,,,,,27189000.0,1603833000.0,,,,,1279097000.0,21646000.0,9593000.0,1573955000.0,1536711000.0,714150000.0,553441000.0,274959000.0,-5839000.0,37162000.0,80000.0,5498830000.0,4105131000.0,1393698000.0,25.345355284669647,1302238000.0,91460000.0,1.6632629122922513,49656000.0,,115000.0,918000.0,,12202000.0,11975000.0,,128914000.0,119674000.0,2018000.0,,127347000.0,1026000.0,,373000.0,121241000.0,35700000.0,29.445484613290883,85541000.0,80000.0,85460000.0,1.5541487916520424,334753000.0,121241000.0,336109000.0,3648000.0,-20830000.0,-215191000.0,45241000.0,-953223000.0,-940872000.0,6182000.0,,,,,,,-17000.0,,,,423867000.0,,726000000.0,-272336000.0,,,-1259000.0,,-20667000.0,,1275625000.0,5650000000.0,136000000.0,135000000.0,86000000.0,5.0,20.498045418065622,377.5024717102508,475757000.0,431217000.0,5.429910253355572,5.40984000901429,1.0900972732254,3.1999987292510523,1.6941733599664417,1.4274490568877873,1.324494639027877,6.0877132044453095,23.682092372377397,24.116343712913416,0.0,13.093155477804505,7.637578288100209,97.32442477876106,67.25,99.37209302325581,2.7491302695300535,48.6988847583643,0.6318745611982202,12.39937749161206,1.362796085712779,42.93047793803409,53.84898557439458,40.44444379485088,797520000.0,56.33501971757778,2.0158641942269497,46.310756219027965,5.089942405929989,696.7507386042844,1707912000.0,219.17053742449966,1.4819436105154475,111.44726435346846,19.984928621577346,1573875000.0,31.25001240966262,-241620000.0,274.0,20068722.627737228,333795.6204379562,"{'segments': [{'name': 'ProductionAndWholesaleBusiness', 'type': 'Segment'}, {'name': 'DirectSalesBusiness', 'type': 'Segment'}], 'periods': [{'name': 'Prior1YearDuration', 'start_date': '2016-04-01', 'end_date': '2017-03-31'}, {'name': 'Prior1YearInstant', 'instant': '2017-03-31'}, {'name': 'CurrentYearInstant', 'instant': '2018-03-31'}, {'name': 'CurrentYearDuration', 'start_date': '2017-04-01', 'end_date': '2018-03-31'}], 'values': [{'segment': 'ProductionAndWholesaleBusiness', 'period': 'Prior1YearDuration', 'net_sales': '4593846000', 'operating_income': '431653000', 'revenues_from_external_customers': '4261808000', 'transactions_with_other_segments': '332038000'}, {'segment': 'DirectSalesBusiness', 'period': 'Prior1YearDuration', 'net_sales': '1139181000', 'operating_income': '4674000', 'revenues_from_external_customers': '1137432000', 'transactions_with_other_segments': '1749000'}, {'segment': 'DirectSalesBusiness', 'period': 'CurrentYearDuration', 'net_sales': '1159502000', 'operating_income': '-396000', 'revenues_from_external_customers': '1156277000', 'transactions_with_other_segments': '3225000'}, {'segment': 'ProductionAndWholesaleBusiness', 'period': 'CurrentYearDuration', 'net_sales': '4669206000', 'operating_income': '411199000', 'revenues_from_external_customers': '4342553000', 'transactions_with_other_segments': '326652000'}]}",,,2017.0,4.0,2018-06-27 09:14:00+00:00
3,株式会社秋川牧園,代表取締役社長　　秋川　正,山口県山口市仁保下郷317番地,2018-06-30T00:00:00.000Z,2018-08-10T09:21:00.000Z,2018-08-10T09:21:00.000Z,2018-08-06T15:30:00.000Z,【E00344】株式会社秋川牧園 四半期報告書－第40期第1四半期(平成30年4月1日－平成30年6月30日),【13800】株式会社秋川牧園 平成31年３月期 第１四半期決算短信〔日本基準〕（連結）,Japan GAAP,4169178.0,4179000.0,9822.0,5004414000.0,2052261000.0,676265000.0,645218000.0,645218000.0,,,,597646000.0,139565000.0,372767000.0,85314000.0,,,-466000.0,2952152000.0,2726635000.0,1105276000.0,475026000.0,1014642000.0,31934000.0,62421000.0,26146000.0,163096000.0,,,-299000.0,,3449350000.0,2372511000.0,1838281000.0,377298000.0,377298000.0,,,,1051652000.0,,5739000.0,,,,,,8514000.0,1611068000.0,,,,,1286933000.0,28187000.0,8021000.0,1555063000.0,1512929000.0,714150000.0,553441000.0,251176000.0,-5839000.0,42016000.0,118000.0,1361082000.0,1025231000.0,335850000.0,24.67522162514823,331729000.0,4121000.0,0.3027738225911444,10210000.0,,30000.0,690000.0,,3216000.0,3215000.0,,11116000.0,48342000.0,1342000.0,,47075000.0,,,,12383000.0,15282000.0,123.41112815957361,-2899000.0,37000.0,-2936000.0,,,12383000.0,,,,,,,,,,,,,,,,,,,,,,,,,,,,,0.0,5650000000.0,136000000.0,135000000.0,86000000.0,,32.41862064896246,372.96200833833433,136000000.0,4121000.0,8.692204547427723,8.65968641400732,1.1236678260431692,3.218386502416484,2.700795737522915,2.611334156257893,1.3406191215766474,0.0,24.372447802557083,0.0,0.0,78.0150448920165,1.2818040435458786,24.089946902654866,3.0301470588235295,-3.4139534883720932,315.1109191070046,3200.169861684057,-3029.155313351499,13.513370396613869,1.44313507071205,41.88014366655588,51.46956714189448,32.49308912550658,865566000.0,60.85662168294379,2.062358548173848,47.40836789282422,5.062887817275945,500.56565238856797,1696246000.0,220.98440517085635,1.5257845132786048,111.64022257750584,12.550004069281364,1554945000.0,31.071470106190258,-4203000.0,,,,"{'segments': [{'name': 'ProductionAndWholesaleBusiness', 'type': 'Segment'}, {'name': 'DirectSalesBusiness', 'type': 'Segment'}], 'periods': [{'name': 'Prior1YTDDuration', 'start_date': '2017-04-01', 'end_date': '2017-06-30'}, {'name': 'CurrentYTDDuration', 'start_date': '2018-04-01', 'end_date': '2018-06-30'}], 'values': [{'segment': 'ProductionAndWholesaleBusiness', 'period': 'Prior1YTDDuration', 'net_sales': '1107194000', 'operating_income': '92192000', 'revenues_from_external_customers': '1028575000', 'transactions_with_other_segments': '78618000'}, {'segment': 'DirectSalesBusiness', 'period': 'Prior1YTDDuration', 'net_sales': '293976000', 'operating_income': '872000', 'revenues_from_external_customers': '293611000', 'transactions_with_other_segments': '365000'}, {'segment': 'DirectSalesBusiness', 'period': 'CurrentYTDDuration', 'net_sales': '258300000', 'operating_income': '-13783000', 'revenues_from_external_customers': '256740000', 'transactions_with_other_segments': '1559000'}, {'segment': 'ProductionAndWholesaleBusiness', 'period': 'CurrentYTDDuration', 'net_sales': '1186015000', 'operating_income': '97952000', 'revenues_from_external_customers': '1104341000', 'transactions_with_other_segments': '81674000'}]}",,,2018.0,1.0,2018-08-10 09:21:00+00:00
4,株式会社秋川牧園,代表取締役社長　　秋川　正,山口県山口市仁保下郷317番地,2018-09-30T00:00:00.000Z,2018-11-12T10:17:00.000Z,2018-11-12T10:17:00.000Z,2018-11-05T15:30:00.000Z,【E00344】株式会社秋川牧園 四半期報告書－第40期第2四半期(平成30年7月1日－平成30年9月30日),【13800】株式会社秋川牧園 平成31年３月期 第２四半期決算短信〔日本基準〕（連結）,Japan GAAP,4169123.0,4179000.0,9877.0,4922970000.0,1946376000.0,528895000.0,670080000.0,670080000.0,,,,607846000.0,126706000.0,404831000.0,76309000.0,,,-628000.0,2976593000.0,2730768000.0,1101928000.0,460565000.0,1014642000.0,46222000.0,58306000.0,25234000.0,187517000.0,,,-294000.0,,3368799000.0,2296721000.0,1835597000.0,403443000.0,403443000.0,,,,1064770000.0,,5584000.0,,,,,,9367000.0,1533201000.0,,,,,1199759000.0,26608000.0,10852000.0,1554171000.0,1493290000.0,714150000.0,553441000.0,231579000.0,-5880000.0,60643000.0,237000.0,2700854000.0,2062365000.0,638488000.0,23.640226387653684,649892000.0,-11403000.0,,15042000.0,,70000.0,700000.0,,6560000.0,6560000.0,,-2921000.0,48454000.0,1454000.0,,47150000.0,,,,-1616000.0,20760000.0,-1284.6534653465346,-22377000.0,156000.0,-22533000.0,,190064000.0,-1616000.0,176518000.0,1824000.0,-23320000.0,-471000.0,-51432000.0,-220687000.0,-224860000.0,2449000.0,,,,,,,-8000.0,,,,-64963000.0,,100000000.0,-141507000.0,,,-41000.0,,-20609000.0,,414924000.0,5650000000.0,82000000.0,105000000.0,65000000.0,,32.41904832263284,372.72443149314614,260342000.0,,8.697859754661396,8.66507160469133,1.1422574177782925,3.168068914123766,2.7454768158245937,2.6634170030812943,1.341473640450624,7.037181572939522,24.062463206082224,27.646251769806167,0.0,-57.528720512145924,-1.7382621951219512,47.802725663716814,-13.90609756097561,-34.66615384615385,109.19309225896696,-819.109006401824,-388.46580570718504,10.74341302100155,1.1286506372860485,43.49389922179134,52.347996153127426,34.744709370475725,874483000.0,61.09718600444304,2.0592371816280255,46.653158560787496,4.9011535755079,484.5750539068203,1767826000.0,215.94159421711214,1.478004213821179,106.03503928149807,13.079602542191049,1553934000.0,31.564969926690594,-213901000.0,,,,"{'segments': [{'name': 'DirectSalesBusiness', 'type': 'Segment'}, {'name': 'ProductionAndWholesaleBusiness', 'type': 'Segment'}], 'periods': [{'name': 'Prior1YTDDuration', 'start_date': '2017-04-01', 'end_date': '2017-09-30'}, {'name': 'CurrentYTDDuration', 'start_date': '2018-04-01', 'end_date': '2018-09-30'}], 'values': [{'segment': 'DirectSalesBusiness', 'period': 'Prior1YTDDuration', 'net_sales': '575559000', 'operating_income': '3302000', 'revenues_from_external_customers': '574160000', 'transactions_with_other_segments': '1399000'}, {'segment': 'DirectSalesBusiness', 'period': 'CurrentYTDDuration', 'net_sales': '508978000', 'operating_income': '-16918000', 'revenues_from_external_customers': '505947000', 'transactions_with_other_segments': '3030000'}, {'segment': 'ProductionAndWholesaleBusiness', 'period': 'Prior1YTDDuration', 'net_sales': '2192049000', 'operating_income': '171956000', 'revenues_from_external_customers': '2031071000', 'transactions_with_other_segments': '160978000'}, {'segment': 'ProductionAndWholesaleBusiness', 'period': 'CurrentYTDDuration', 'net_sales': '2353715000', 'operating_income': '161806000', 'revenues_from_external_customers': '2194906000', 'transactions_with_other_segments': '158809000'}]}",,,2018.0,2.0,2018-11-12 10:17:00+00:00
5,株式会社秋川牧園,代表取締役社長　　秋川　正,山口県山口市仁保下郷317番地,2018-12-31T00:00:00.000Z,2019-02-12T13:39:00.000Z,2019-02-12T13:39:00.000Z,2019-02-08T15:30:00.000Z,【E00344】株式会社秋川牧園 四半期報告書－第40期第3四半期(平成30年10月1日－平成30年12月31日),【13800】株式会社秋川牧園 平成31年３月期 第３四半期決算短信〔日本基準〕（連結）,Japan GAAP,4169123.0,4179000.0,9877.0,5103507000.0,2133153000.0,493781000.0,829586000.0,829586000.0,,,,634348000.0,152319000.0,391938000.0,90091000.0,,,-905000.0,2970353000.0,2755378000.0,1084474000.0,525122000.0,1014642000.0,20002000.0,55502000.0,24322000.0,159472000.0,,,-293000.0,,3507811000.0,2302805000.0,1999257000.0,491945000.0,491945000.0,,,,1082400000.0,,5609000.0,,,,,,7205000.0,1508554000.0,,,,,1189541000.0,25255000.0,6600000.0,1595695000.0,1545152000.0,714150000.0,553441000.0,283441000.0,-5880000.0,50359000.0,184000.0,4269485000.0,3240505000.0,1028979000.0,24.100775620478817,981317000.0,47661000.0,1.1163173075909625,29306000.0,,99000.0,1135000.0,,9771000.0,9770000.0,,67197000.0,48783000.0,1783000.0,,47261000.0,110000.0,,,68719000.0,39287000.0,57.170505973602644,29431000.0,103000.0,29328000.0,0.6869212563107728,,68719000.0,,,,,,,,,,,,,,,,,,,,,,,,,,,,,0.0,5650000000.0,82000000.0,105000000.0,65000000.0,,32.41904832263284,382.6970324454328,82000000.0,47661000.0,8.471204523190377,8.44009988815973,1.1018499631723833,3.198666132668468,2.6483553368301447,2.6308539379568,1.3065165329477515,0.0,22.9844348908592,0.0,0.0,20.498940433478104,4.878300921187308,75.56610619469026,58.12317073170732,45.12,32.33446188474722,72.04842533727786,121.63120567375887,9.67532718187709,1.0537181110234402,53.847197170202044,54.63036141348972,42.366545091273565,971989000.0,66.11101349241821,2.040844849599583,45.12201119739818,4.914136701605232,485.8586902858011,1809024000.0,219.0225871407833,1.4433024905500496,106.6972880425078,13.384413912503051,1595511000.0,31.263031480117498,27806000.0,,,,"{'segments': [{'name': 'DirectSalesBusiness', 'type': 'Segment'}, {'name': 'ProductionAndWholesaleBusiness', 'type': 'Segment'}], 'periods': [{'name': 'CurrentYTDDuration', 'start_date': '2018-04-01', 'end_date': '2018-12-31'}, {'name': 'Prior1YTDDuration', 'start_date': '2017-04-01', 'end_date': '2017-12-31'}], 'values': [{'segment': 'DirectSalesBusiness', 'period': 'CurrentYTDDuration', 'net_sales': '799419000', 'operating_income': '-6381000', 'revenues_from_external_customers': '794686000', 'transactions_with_other_segments': '4732000'}, {'segment': 'DirectSalesBusiness', 'period': 'Prior1YTDDuration', 'net_sales': '903059000', 'operating_income': '8174000', 'revenues_from_external_customers': '900766000', 'transactions_with_other_segments': '2293000'}, {'segment': 'ProductionAndWholesaleBusiness', 'period': 'CurrentYTDDuration', 'net_sales': '3719696000', 'operating_income': '282010000', 'revenues_from_external_customers': '3474798000', 'transactions_with_other_segments': '244897000'}, {'segment': 'ProductionAndWholesaleBusiness', 'period': 'Prior1YTDDuration', 'net_sales': '3522866000', 'operating_income': '306717000', 'revenues_from_external_customers': '3270894000', 'transactions_with_other_segments': '251972000'}]}",,,2018.0,3.0,2019-02-12 13:39:00+00:00
6,株式会社秋川牧園,代表取締役社長　　秋川　正,山口県山口市仁保下郷317番地,2019-03-31T00:00:00.000Z,2019-06-26T09:12:00.000Z,2019-06-26T09:12:00.000Z,2019-05-13T15:30:00.000Z,【E00344】株式会社秋川牧園 有価証券報告書－第40期(平成30年4月1日－平成31年3月31日),【13800】株式会社秋川牧園 2019年３月期 決算短信〔日本基準〕（連結）,Japan GAAP,4169123.0,4179000.0,9877.0,5092988000.0,2064522000.0,572569000.0,666227000.0,666227000.0,,,,678561000.0,203812000.0,388533000.0,86216000.0,,,-2656000.0,3028465000.0,2743288000.0,2531759000.0,1702987000.0,1019456000.0,30353000.0,52522000.0,23410000.0,232654000.0,120672000.0,79264000.0,-292000.0,,3396505000.0,2225965000.0,1921301000.0,400593000.0,400593000.0,,,,1046258000.0,,5633000.0,,,,,,42888000.0,1475204000.0,,,,,1150179000.0,23895000.0,7612000.0,1696482000.0,1650983000.0,714150000.0,553441000.0,389272000.0,-5880000.0,45205000.0,293000.0,5623299000.0,4238248000.0,1385051000.0,24.630577175426737,1286553000.0,98497000.0,1.7515874578250241,45082000.0,,141000.0,1135000.0,,12829000.0,12815000.0,,130751000.0,49637000.0,2637000.0,,49079000.0,375000.0,,186000.0,131309000.0,-4062000.0,-3.0934665559862613,135372000.0,213000.0,135159000.0,2.4035535012454434,473966000.0,131309000.0,371660000.0,3648000.0,-19466000.0,-70259000.0,-54283000.0,-389619000.0,-395019000.0,5286000.0,,,,,,,-17000.0,,,,-136260000.0,,234000000.0,-343599000.0,,,-41000.0,,-20695000.0,,868985000.0,5800000000.0,127000000.0,140000000.0,88000000.0,5.0,32.41904832263284,406.8455164311535,502308000.0,473805000.0,7.968392673222146,7.940864912057032,1.1041257116647438,3.0026064312408582,2.6538252200869117,2.6148641792239675,1.2289677034811568,8.428611034198964,22.87897193444631,26.83366894071049,0.0,13.010548544625724,7.68607101053453,96.95343103448276,77.55669291338583,153.58977272727273,3.142301343037235,28.93793719605673,-34.89149816142469,11.24230019784064,1.221850020779617,43.24380670492535,58.43800669521934,34.49926597027829,944195000.0,67.1825474298664,2.049839098191659,43.70646465296993,4.750161782256288,469.64655692602423,1653396000.0,199.5172002194598,1.3123331185380875,107.45437596711811,12.232970057487847,1696189000.0,33.304398125422644,-339365000.0,269.0,20904457.249070633,366159.85130111524,"{'segments': [{'name': 'Total', 'type': 'Total'}, {'name': 'ProductionAndWholesaleBusiness', 'type': 'Segment'}, {'name': 'DirectSalesBusiness', 'type': 'Segment'}], 'periods': [{'name': 'CurrentYearInstant', 'instant': '2019-03-31'}, {'name': 'Prior1YearDuration', 'start_date': '2017-04-01', 'end_date': '2018-03-31'}, {'name': 'Prior1YearInstant', 'instant': '2018-03-31'}, {'name': 'CurrentYearDuration', 'start_date': '2018-04-01', 'end_date': '2019-03-31'}], 'values': [{'segment': 'ProductionAndWholesaleBusiness', 'period': 'Prior1YearDuration', 'net_sales': '4669206000', 'operating_income': '411199000', 'revenues_from_external_customers': '4342553000', 'transactions_with_other_segments': '326652000'}, {'segment': 'DirectSalesBusiness', 'period': 'Prior1YearDuration', 'net_sales': '1159502000', 'operating_income': '-396000', 'revenues_from_external_customers': '1156277000', 'transactions_with_other_segments': '3225000'}, {'segment': 'DirectSalesBusiness', 'period': 'CurrentYearDuration', 'net_sales': '1036262000', 'operating_income': '-3301000', 'revenues_from_external_customers': '1030376000', 'transactions_with_other_segments': '5885000'}, {'segment': 'ProductionAndWholesaleBusiness', 'period': 'CurrentYearDuration', 'net_sales': '4914988000', 'operating_income': '400744000', 'revenues_from_external_customers': '4592923000', 'transactions_with_other_segments': '322065000'}]}",384000000.0,,2018.0,4.0,2019-06-26 09:12:00+00:00
7,株式会社秋川牧園,代表取締役社長　　秋川　正,山口県山口市仁保下郷10317番地,2019-06-30T00:00:00.000Z,2019-08-13T09:03:00.000Z,2019-08-13T09:03:00.000Z,2019-08-06T15:30:00.000Z,【E00344】株式会社秋川牧園 四半期報告書－第41期第1四半期(平成31年4月1日－令和1年6月30日),【13800】株式会社秋川牧園 2020年３月期 第１四半期決算短信〔日本基準〕（連結）,Japan GAAP,4169123.0,4179000.0,9877.0,5028730000.0,2042504000.0,517280000.0,671382000.0,671382000.0,,,,709530000.0,238066000.0,393914000.0,77550000.0,,,-2497000.0,2986226000.0,2709984000.0,1053617000.0,491750000.0,1019456000.0,36209000.0,49505000.0,22498000.0,226735000.0,,,-295000.0,,3359128000.0,2250139000.0,1850800000.0,403974000.0,403974000.0,,,,1036067000.0,,5889000.0,,,,,,8912000.0,1508327000.0,,,,,1186117000.0,22066000.0,,1669602000.0,1633823000.0,714150000.0,553441000.0,372113000.0,-5880000.0,35337000.0,440000.0,1360862000.0,1044253000.0,316609000.0,23.2653274174751,324255000.0,-7646000.0,,16513000.0,,26000.0,720000.0,,3006000.0,3006000.0,,5860000.0,615000.0,615000.0,,536000.0,536000.0,,,5939000.0,2106000.0,35.460515238255596,3833000.0,147000.0,3686000.0,0.27085773575865885,,5939000.0,,,,,,,,,,,,,,,,,,,,,,,,,,,,,0.0,5800000000.0,127000000.0,140000000.0,88000000.0,,17.230002568885592,400.3628580879,127000000.0,,4.303596655088002,4.288489482651778,1.1513851409799294,3.0127273446196354,1.42847199988864,1.2871938133866219,1.248867096183594,0.0,23.827177186224613,0.0,0.0,-39.31467433952393,-2.543579507651364,23.46313793103448,-6.020472440944882,4.1886363636363635,326.2004523603422,-1760.9992152759612,2287.4118285404234,10.286493806587348,1.0720819757495892,42.32369920233229,59.11716124531646,33.65861358493012,976938000.0,67.78224686271864,2.136545824624795,44.745671372294794,4.663496490935673,468.45786950194554,1732859000.0,200.4872627697582,1.3480650769667653,110.35789928679489,24.123103265862962,1669162000.0,33.19251580418913,3607000.0,,,,"{'segments': [{'name': 'ProductionAndWholesaleBusiness', 'type': 'Segment'}, {'name': 'DirectSalesBusiness', 'type': 'Segment'}], 'periods': [{'name': 'Prior1YTDDuration', 'start_date': '2018-04-01', 'end_date': '2018-06-30'}, {'name': 'CurrentYTDDuration', 'start_date': '2019-04-01', 'end_date': '2019-06-30'}], 'values': [{'segment': 'ProductionAndWholesaleBusiness', 'period': 'Prior1YTDDuration', 'net_sales': '1186015000', 'operating_income': '97952000', 'revenues_from_external_customers': '1104341000', 'transactions_with_other_segments': '81674000'}, {'segment': 'DirectSalesBusiness', 'period': 'Prior1YTDDuration', 'net_sales': '258300000', 'operating_income': '-13783000', 'revenues_from_external_customers': '256740000', 'transactions_with_other_segments': '1559000'}, {'segment': 'DirectSalesBusiness', 'period': 'CurrentYTDDuration', 'net_sales': '251635000', 'operating_income': '2563000', 'revenues_from_external_customers': '250244000', 'transactions_with_other_segments': '1390000'}, {'segment': 'ProductionAndWholesaleBusiness', 'period': 'CurrentYTDDuration', 'net_sales': '1194990000', 'operating_income': '69960000', 'revenues_from_external_customers': '1110617000', 'transactions_with_other_segments': '84373000'}]}",,,2019.0,1.0,2019-08-13 09:03:00+00:00
8,株式会社秋川牧園,代表取締役社長　　秋川　正,山口県山口市仁保下郷10317番地,2019-09-30T00:00:00.000Z,2019-11-14T09:11:00.000Z,2019-11-14T09:11:00.000Z,2019-11-08T15:30:00.000Z,【E00344】株式会社秋川牧園 四半期報告書－第41期第2四半期(令和1年7月1日－令和1年9月30日),【13800】株式会社秋川牧園 2020年３月期 第２四半期決算短信〔日本基準〕（連結）,Japan GAAP,4169123.0,4179000.0,9877.0,4915065000.0,1947643000.0,462121000.0,647058000.0,647058000.0,,,,692538000.0,256991000.0,360811000.0,74736000.0,,,-4785000.0,2967421000.0,2690700000.0,1045611000.0,481989000.0,1029971000.0,23998000.0,50990000.0,21586000.0,225730000.0,,,-299000.0,,3261185000.0,2249903000.0,1739692000.0,350252000.0,350252000.0,,,,1033389000.0,,5452000.0,,,,,,10196000.0,1521493000.0,,,,,1190368000.0,20694000.0,,1653879000.0,1619361000.0,714150000.0,553441000.0,357650000.0,-5880000.0,33949000.0,568000.0,2719177000.0,2086940000.0,632237000.0,23.251042502933792,655350000.0,-23113000.0,,22710000.0,,106000.0,724000.0,,6150000.0,6150000.0,,-6553000.0,1421000.0,1421000.0,,2794000.0,536000.0,,,-7926000.0,2574000.0,-32.47539742619228,-10501000.0,274000.0,-10775000.0,,55073000.0,-7926000.0,178618000.0,1824000.0,19168000.0,-12502000.0,-50340000.0,-168842000.0,-164525000.0,8353000.0,,,,,,,-8000.0,,,,3321000.0,,230000000.0,-202680000.0,,,,,-20616000.0,,219598000.0,5650000000.0,72000000.0,92000000.0,50000000.0,,17.230002568885592,396.5608594421417,252442000.0,,4.344857077706493,4.329459356999887,1.1780118879404444,2.972861730188694,1.4615066128321803,1.2924989508645952,1.2608405194183068,2.0253554660104878,24.101042337442543,28.25174736688931,0.0,-26.608402197897284,-3.758211382113821,48.12702654867257,-32.10138888888889,-21.55,107.78345800953745,-411.51300134123653,-564.0371229698376,9.402134051126486,0.9577629034862664,40.79032228815001,57.701408840371755,29.18256304947582,989344000.0,69.30916807904595,2.1518582524993497,45.77565098325251,4.663007372187071,468.40873651184916,1787782000.0,196.4854536110363,1.3608468098258586,111.9533227720769,24.887685497118355,1653311000.0,33.63762228983747,-64475000.0,,,,"{'segments': [{'name': 'DirectSalesBusiness', 'type': 'Segment'}, {'name': 'ProductionAndWholesaleBusiness', 'type': 'Segment'}], 'periods': [{'name': 'Prior1YTDDuration', 'start_date': '2018-04-01', 'end_date': '2018-09-30'}, {'name': 'CurrentYTDDuration', 'start_date': '2019-04-01', 'end_date': '2019-09-30'}], 'values': [{'segment': 'DirectSalesBusiness', 'period': 'Prior1YTDDuration', 'net_sales': '508978000', 'operating_income': '-16918000', 'revenues_from_external_customers': '505947000', 'transactions_with_other_segments': '3030000'}, {'segment': 'DirectSalesBusiness', 'period': 'CurrentYTDDuration', 'net_sales': '499091000', 'operating_income': '-140000', 'revenues_from_external_customers': '496319000', 'transactions_with_other_segments': '2771000'}, {'segment': 'ProductionAndWholesaleBusiness', 'period': 'Prior1YTDDuration', 'net_sales': '2353715000', 'operating_income': '161806000', 'revenues_from_external_customers': '2194906000', 'transactions_with_other_segments': '158809000'}, {'segment': 'ProductionAndWholesaleBusiness', 'period': 'CurrentYTDDuration', 'net_sales': '2388947000', 'operating_income': '139541000', 'revenues_from_external_customers': '2222857000', 'transactions_with_other_segments': '166089000'}]}",,,2019.0,2.0,2019-11-14 09:11:00+00:00
9,株式会社秋川牧園,代表取締役社長　　秋川　正,山口県山口市仁保下郷10317番地,2019-12-31T00:00:00.000Z,2020-02-13T09:17:00.000Z,2020-02-13T09:17:00.000Z,2020-02-07T15:30:00.000Z,【E00344】株式会社秋川牧園 四半期報告書－第41期第3四半期(令和1年10月1日－令和1年12月31日),【13800】株式会社秋川牧園 2020年３月期 第３四半期決算短信〔日本基準〕（連結）,Japan GAAP,4169123.0,4179000.0,9877.0,5179193000.0,2138019000.0,478976000.0,849909000.0,849909000.0,,,,632109000.0,224159000.0,320116000.0,87834000.0,,,-5259000.0,3041174000.0,2777849000.0,1045067000.0,468813000.0,1029971000.0,113807000.0,50755000.0,20674000.0,212569000.0,,,-390000.0,,3477843000.0,2327363000.0,1871502000.0,459384000.0,459384000.0,,,,1030027000.0,,5612000.0,,,,,,2108000.0,1606341000.0,,,,,1272544000.0,19180000.0,,1701349000.0,1671240000.0,714150000.0,553441000.0,409529000.0,-5880000.0,29588000.0,521000.0,4315922000.0,3276893000.0,1039028000.0,24.074299767233978,991303000.0,47724000.0,1.1057660448914508,30693000.0,,154000.0,1182000.0,,9348000.0,9348000.0,,69070000.0,1799000.0,1799000.0,,3322000.0,669000.0,,,67547000.0,26216000.0,38.81149421884022,41330000.0,227000.0,41102000.0,0.9523341710067976,,67547000.0,,,,,,,,,,,,,,,,,,,,,,,,,,,,,0.0,5650000000.0,72000000.0,92000000.0,50000000.0,,17.230002568885592,407.9582204698686,72000000.0,47724000.0,4.223472332299327,4.208921502682357,1.1179357479051273,3.0451009743489643,1.3869728353432669,1.2523984091121796,1.225615700117825,0.0,22.968510552322307,0.0,0.0,19.587628865979383,5.105263157894737,76.388,66.28333333333333,82.204,30.910614232601972,50.867488056323864,21.648581577538817,9.24808169921453,0.9926955158069811,53.577982229721734,52.66653936777267,38.27530619074381,1022634000.0,67.9692154067506,2.0843483573081185,44.936788414720205,4.823546093656223,484.53518317653106,1848387000.0,203.7127415244235,1.3683705818577776,114.24080765075324,25.731366762257426,1700828000.0,32.839633510471614,42625000.0,,,,"{'segments': [{'name': 'DirectSalesBusiness', 'type': 'Segment'}, {'name': 'ProductionAndWholesaleBusiness', 'type': 'Segment'}], 'periods': [{'name': 'CurrentYTDDuration', 'start_date': '2019-04-01', 'end_date': '2019-12-31'}, {'name': 'Prior1YTDDuration', 'start_date': '2018-04-01', 'end_date': '2018-12-31'}], 'values': [{'segment': 'DirectSalesBusiness', 'period': 'CurrentYTDDuration', 'net_sales': '793562000', 'operating_income': '15654000', 'revenues_from_external_customers': '789111000', 'transactions_with_other_segments': '4450000'}, {'segment': 'DirectSalesBusiness', 'period': 'Prior1YTDDuration', 'net_sales': '799419000', 'operating_income': '-6381000', 'revenues_from_external_customers': '794686000', 'transactions_with_other_segments': '4732000'}, {'segment': 'ProductionAndWholesaleBusiness', 'period': 'CurrentYTDDuration', 'net_sales': '3781746000', 'operating_income': '268580000', 'revenues_from_external_customers': '3526810000', 'transactions_with_other_segments': '254936000'}, {'segment': 'ProductionAndWholesaleBusiness', 'period': 'Prior1YTDDuration', 'net_sales': '3719696000', 'operating_income': '282010000', 'revenues_from_external_customers': '3474798000', 'transactions_with_other_segments': '244897000'}]}",,,2019.0,3.0,2020-02-13 09:17:00+00:00
10,株式会社秋川牧園,代表取締役社長　　秋川　正,山口県山口市仁保下郷10317番地,2020-03-31T00:00:00.000Z,2020-06-24T09:00:00.000Z,2020-06-24T09:00:00.000Z,2020-05-13T15:30:00.000Z,有価証券報告書－第41期(平成31年4月1日－令和2年3月31日),2020年３月期 決算短信〔日本基準〕（連結）,Japan GAAP,4169123.0,4179000.0,9877.0,5082363000.0,2045096000.0,618608000.0,728937000.0,728937000.0,,,,556871000.0,161995000.0,318976000.0,75900000.0,,,-4085000.0,3037267000.0,2761819000.0,2598070000.0,1769433000.0,1029598000.0,30984000.0,48592000.0,19761000.0,226855000.0,99621000.0,,-394000.0,,3348987000.0,2268604000.0,1812932000.0,390567000.0,390567000.0,,,,1048378000.0,,5420000.0,,,,,,36009000.0,1536054000.0,,,,,1196795000.0,18011000.0,,1733376000.0,1701972000.0,714150000.0,553441000.0,440261000.0,-5880000.0,30562000.0,842000.0,5790005000.0,4380766000.0,1409239000.0,24.339167237333992,1314792000.0,94446000.0,1.6311903012173565,39699000.0,,234000.0,1182000.0,,12952000.0,12446000.0,,121193000.0,19494000.0,1874000.0,,24307000.0,669000.0,,373000.0,116379000.0,43997000.0,37.804930442777476,72382000.0,548000.0,71834000.0,1.2406552325947906,480329000.0,116379000.0,369381000.0,3648000.0,-62804000.0,123737000.0,-10025000.0,-456295000.0,-458478000.0,18720000.0,,,,,,,-17000.0,,,,22006000.0,,430000000.0,-381264000.0,,,,,-20633000.0,,938807000.0,6070000000.0,148000000.0,150000000.0,100000000.0,5.0,17.230002568885592,415.56317719577953,521029000.0,467475000.0,4.146181258203302,4.132157242175914,1.1392348401717862,2.9334852880232076,1.4133976656134164,1.2608662835423323,1.2031864886922854,8.295830487193017,22.707959664974382,26.21138075230674,0.0,13.177900599284248,7.58846215651615,95.38723228995057,63.814864864864866,71.834,4.835833475100615,56.703301357389414,39.20984492023276,12.171661095439266,1.2820880120138065,45.95194736446687,46.39780234780858,32.54155894197499,895241000.0,59.80819077030045,2.0964462189593163,44.63679591560067,4.701765887939647,472.3021095957146,1649996000.0,192.5528501842167,1.3094138412290899,112.80599603294552,22.969568727900437,1732534000.0,34.089143180052275,-403682000.0,276.0,20978278.985507246,342195.652173913,"{'segments': [{'name': 'DirectSalesBusiness', 'type': 'Segment'}, {'name': 'ProductionAndWholesaleBusiness', 'type': 'Segment'}, {'name': 'Total', 'type': 'Total'}], 'periods': [{'name': 'Prior1YearDuration', 'start_date': '2018-04-01', 'end_date': '2019-03-31'}, {'name': 'Prior1YearInstant', 'instant': '2019-03-31'}, {'name': 'CurrentYearInstant', 'instant': '2020-03-31'}, {'name': 'CurrentYearDuration', 'start_date': '2019-04-01', 'end_date': '2020-03-31'}], 'values': [{'segment': 'DirectSalesBusiness', 'period': 'Prior1YearDuration', 'net_sales': '1036262000', 'operating_income': '-3301000', 'revenues_from_external_customers': '1030376000', 'transactions_with_other_segments': '5885000'}, {'segment': 'ProductionAndWholesaleBusiness', 'period': 'Prior1YearDuration', 'net_sales': '4914988000', 'operating_income': '400744000', 'revenues_from_external_customers': '4592923000', 'transactions_with_other_segments': '322065000'}, {'segment': 'DirectSalesBusiness', 'period': 'CurrentYearDuration', 'net_sales': '1065788000', 'operating_income': '30470000', 'revenues_from_external_customers': '1059517000', 'transactions_with_other_segments': '6270000'}, {'segment': 'ProductionAndWholesaleBusiness', 'period': 'CurrentYearDuration', 'net_sales': '5068259000', 'operating_income': '382313000', 'revenues_from_external_customers': '4730487000', 'transactions_with_other_segments': '337772000'}]}",410000000.0,,2019.0,4.0,2020-06-24 09:00:00+00:00
