,company_name,ceo_name,headquarters_address,end_date,updated_date,edinet_updated_date,tdnet_updated_date,edinet_title,tdnet_title,accounting_standard,num_of_shares,issued_share_num,treasury_stock_num,assets,current_assets,cash_and_deposits,trade_receivables,notes_accounts_receivable,notes_receivable,accounts_receivable,current_securities,inventories,merchandise,work_in_process,raw_materials_and_supplies,prepaid_expenses,current_dta,current_allowance_doubtful_accounts,non_current_assets,tangible_fixed_assets,buildings,machineries,land,construction_in_progress,intangible_assets,good_will,investments_and_other_assets,investment_securities,non_current_dta,non_current_allowance_doubtful_accounts,lease_and_guarantee_deposits,liabilities,debt,current_liabilities,trade_payables,notes_accounts_payable,accounts_payable,notes_payable,short_term_bonds_payable,short_term_loans_payable,commercial_papers_liabilities,current_lease_obligations,current_portion_of_long_term_loans,current_portion_of_bonds,current_portion_of_convertible_bonds,current_portion_of_bonds_with_subscription_rights,advances_received,corporate_tax_payable,non_current_liabilities,bonds_payable,convertible_bonds,convertible_bond_type_bonds_with_subscription_rights,non_current_bonds_with_subscription_right,long_term_loans_payable,non_current_lease_obligations,non_current_dtl,net_assets,shareholders_equity,capital_stock,additional_capital_stock,retained_earnings,treasury_stock,valuation_and_translation_adjustments,non_controlling_interests,net_sales,cost_of_sales,gross_profit,gross_margin,sga,operating_income,operating_margin,non_operating_income,interest_and_dividends_income,interest_income,dividends_income,equity_method_income,non_operating_expenses,interest_expense,equity_method_loss,ordinary_income,extraordinary_income,gain_of_sales_non_current_assets,gain_of_sales_investment_securities,extraordinary_loss,loss_of_sales_non_current_assets,loss_of_valuation_investment_securities,impairment_loss,income_before_income_taxes,income_taxes,real_corporate_tax_rate,net_income,non_controling_interests,profit_loss_attributable_to_owners_of_parent,net_profit_margin,operating_cash_flow,income_before_taxes,depreciation,amortization,decrease_trade_receivables_op_cf,decrease_inventories_op_cf,increase_trade_payables_op_cf,investment_cash_flow,purchase_of_property,sale_of_property,purchase_of_intangible_assets,sale_of_intangible_assets,purchase_of_non_current_assets,sale_of_non_current_assets,purchase_of_securities,sale_of_securities,purchase_of_investment_securities,sale_of_investment_securities,lending,return_of_lending,financial_cash_flow,net_short_term_debt,long_term_debt_issuance,long_term_debt_repayment,bonds_issuance,bonds_repayment,share_repurchase,share_sales,dividend_payment,cash_translation_difference,free_cash_flow,ex_net_sales,ex_operating_income,ex_ordinary_income,ex_net_income,dividend,eps_actual,bps,ebitda_forecast,ebitda_actual,roe,real_roe,total_asset_turnover,financial_leverage,roa,roic,doe,net_sales_operating_cash_flow_ratio,sga_ratio,depreciation_gross_profit_ratio,r_and_d_ratio,interest_op_income_ratio,interest_coverage_ratio,net_sales_progress,operating_income_progress,net_income_progress,net_sales_growth_rate_forecast,operating_income_growth_rate_forecast,net_income_growth_rate_forecast,cash_assets_ratio,cash_monthly_sales_ratio,accounts_receivable_turnover,inventory_turnover,trade_payable_turnover,working_capital,ccc,tangible_fixed_assets_turnover,debt_assets_ratio,debt_monthly_sales_ratio,operating_cash_flow_debt_ratio,net_debt,adjusted_debt_ratio,de_ratio,current_ratio,net_debt_net_income_ratio,equity,equity_ratio,accrual,employee_num,net_sales_per_employee,operating_income_per_employee,segment_member,increase_in_properties,r_and_d_expenses,fiscal_year,fiscal_quarter,to_datetime
0,株式会社アクシーズ,代表取締役社長　　伊地知　高正,鹿児島県鹿児島市草牟田二丁目１番８号,2017-12-31T00:00:00.000Z,2018-02-02T11:48:00.000Z,2018-02-02T11:48:00.000Z,2018-01-26T15:00:00.000Z,【E00009】株式会社アクシーズ 四半期報告書－第56期第2四半期(平成29年10月1日－平成29年12月31日),【13810】株式会社アクシーズ 平成30年6月期 第2四半期決算短信〔日本基準〕（連結）,Japan GAAP,5615892.0,5617500.0,1608.0,14754000000.0,9663000000.0,6093000000.0,1983000000.0,1983000000.0,,,,1222000000.0,390000000.0,263000000.0,569000000.0,,,0.0,5091000000.0,4474000000.0,514000000.0,,2353000000.0,,36000000.0,,579000000.0,,,0.0,,3271000000.0,35000000.0,2712000000.0,456000000.0,,456000000.0,,,,,,,,,,,627000000.0,558000000.0,35000000.0,,,,,,,11482000000.0,11395000000.0,452000000.0,428000000.0,10516000000.0,-1000000.0,87000000.0,,9866000000.0,6038000000.0,3827000000.0,38.78978309345226,2166000000.0,1661000000.0,16.835596999797282,79000000.0,,1000000.0,3000000.0,10000000.0,0.0,0.0,,1739000000.0,,,,,,,,1739000000.0,585000000.0,33.640023001725126,1154000000.0,,1154000000.0,11.696736265963917,1082000000.0,1739000000.0,245000000.0,,-304000000.0,-32000000.0,-62000000.0,-162000000.0,-195000000.0,,-33000000.0,,,,,,-4000000.0,,,,-250000000.0,,,,,,0.0,,-250000000.0,,1310000000.0,19000000000.0,3000000000.0,3100000000.0,2000000000.0,,379.4588642374177,2044.554987880821,3245000000.0,1906000000.0,18.559484410381465,18.55786815292171,1.312796529754643,1.2849677756488416,14.44354073471601,18.303377615698533,3.668279916390873,10.966957226839652,21.954186093654975,6.401881369218709,0.0,0.0,,51.92631578947368,55.36666666666667,57.7,92.5805797689033,80.61408789885611,73.3102253032929,41.29727531516877,3.774898032939233,37.36873354329082,36.85893727791092,13.754235187174613,2749000000.0,60.473435634027126,4.329235583370585,0.23722380371424698,0.02168413444163354,1.4982876712328765,-6058000000.0,28.485587390054864,0.0030482494338965336,356.3053097345133,-2.8427968090098545,11482000000.0,77.82296326419954,72000000.0,,,,"{'segments': [{'name': 'Foodservice', 'type': 'Segment'}, {'name': 'Total', 'type': 'Total'}, {'name': 'Reconcile', 'type': 'Reconcile'}, {'name': 'Foodbusiness', 'type': 'Segment'}], 'periods': [{'name': 'Prior1YTDDuration', 'start_date': '2016-07-01', 'end_date': '2016-12-31'}, {'name': 'CurrentYTDDuration', 'start_date': '2017-07-01', 'end_date': '2017-12-31'}], 'values': [{'segment': 'Foodservice', 'period': 'Prior1YTDDuration', 'net_sales': '1475000000', 'operating_income': '164000000', 'revenues_from_external_customers': '1475000000', 'transactions_with_other_segments': None}, {'segment': 'Total', 'period': 'Prior1YTDDuration', 'net_sales': '9626000000', 'operating_income': '1558000000', 'revenues_from_external_customers': '9626000000', 'transactions_with_other_segments': '0'}, {'segment': 'Reconcile', 'period': 'CurrentYTDDuration', 'net_sales': '-0', 'operating_income': '1000000', 'revenues_from_external_customers': None, 'transactions_with_other_segments': '-0'}, {'segment': 'Reconcile', 'period': 'Prior1YTDDuration', 'net_sales': '-0', 'operating_income': '1000000', 'revenues_from_external_customers': None, 'transactions_with_other_segments': '-0'}, {'segment': 'Foodbusiness', 'period': 'Prior1YTDDuration', 'net_sales': '8150000000', 'operating_income': '1393000000', 'revenues_from_external_customers': '8150000000', 'transactions_with_other_segments': '0'}, {'segment': 'Total', 'period': 'CurrentYTDDuration', 'net_sales': '9866000000', 'operating_income': '1659000000', 'revenues_from_external_customers': '9866000000', 'transactions_with_other_segments': '0'}, {'segment': 'Foodservice', 'period': 'CurrentYTDDuration', 'net_sales': '1398000000', 'operating_income': '182000000', 'revenues_from_external_customers': '1398000000', 'transactions_with_other_segments': None}, {'segment': 'Foodbusiness', 'period': 'CurrentYTDDuration', 'net_sales': '8467000000', 'operating_income': '1476000000', 'revenues_from_external_customers': '8467000000', 'transactions_with_other_segments': '0'}]}",,,2017.0,2.0,2018-02-02 11:48:00+00:00
1,株式会社アクシーズ,代表取締役社長　　伊地知　高正,鹿児島県鹿児島市草牟田二丁目１番８号,2018-03-31T00:00:00.000Z,2018-05-09T15:00:00.000Z,2018-05-09T15:00:00.000Z,2018-04-27T15:00:00.000Z,【E00009】株式会社アクシーズ 四半期報告書－第56期第3四半期(平成30年1月1日－平成30年3月31日),【13810】株式会社アクシーズ 平成30年6月期 第3四半期決算短信〔日本基準〕（連結）,Japan GAAP,5615892.0,5617500.0,1608.0,14703000000.0,9414000000.0,5886000000.0,1901000000.0,1901000000.0,,,,1208000000.0,459000000.0,249000000.0,500000000.0,,,0.0,5288000000.0,4672000000.0,608000000.0,,2353000000.0,,33000000.0,,582000000.0,,,0.0,,2682000000.0,36000000.0,2142000000.0,331000000.0,,331000000.0,,,1000000.0,,,,,,,,288000000.0,540000000.0,35000000.0,,,,,,,12020000000.0,11950000000.0,452000000.0,428000000.0,11071000000.0,-1000000.0,70000000.0,,14678000000.0,9072000000.0,5605000000.0,38.1864014170868,3206000000.0,2398000000.0,16.337375664259437,80000000.0,,1000000.0,4000000.0,1000000.0,9000000.0,0.0,,2469000000.0,54000000.0,,,71000000.0,,,,2453000000.0,743000000.0,30.289441500203832,1709000000.0,,1709000000.0,11.643275650633601,,2453000000.0,,,,,,,,,,,,,,,,,,,,,,,,,,,,,0.0,19000000000.0,3000000000.0,3100000000.0,2000000000.0,,379.4588642374177,2140.3545509778323,3000000000.0,2398000000.0,17.728785357737102,17.727310539888528,1.3173502006393254,1.2232113144758736,14.493640753587703,17.4850696748507,3.50409234608985,0.0,21.842212835536177,0.0,0.0,0.0,,77.25263157894737,79.93333333333334,85.45,29.44542853249761,25.104253544620512,17.027501462843773,40.03264639869414,3.646651866384429,35.823480819866795,36.436658127427485,9.983885629286835,2778000000.0,62.27625331800745,4.14576198630137,0.2448479902060804,0.022303681139965927,1.5410958904109588,-5850000000.0,22.31095582730222,0.002995008319467554,439.4957983193278,-2.745190051618958,12020000000.0,81.75202339658573,1726000000.0,,,,"{'segments': [{'name': 'Reconcile', 'type': 'Reconcile'}, {'name': 'Foodbusiness', 'type': 'Segment'}, {'name': 'Foodservice', 'type': 'Segment'}, {'name': 'Total', 'type': 'Total'}], 'periods': [{'name': 'Prior1YTDDuration', 'start_date': '2016-07-01', 'end_date': '2017-03-31'}, {'name': 'CurrentYTDDuration', 'start_date': '2017-07-01', 'end_date': '2018-03-31'}], 'values': [{'segment': 'Reconcile', 'period': 'Prior1YTDDuration', 'net_sales': '-0', 'operating_income': '2000000', 'revenues_from_external_customers': None, 'transactions_with_other_segments': '-0'}, {'segment': 'Foodbusiness', 'period': 'Prior1YTDDuration', 'net_sales': '11931000000', 'operating_income': '2061000000', 'revenues_from_external_customers': '11931000000', 'transactions_with_other_segments': '0'}, {'segment': 'Foodservice', 'period': 'Prior1YTDDuration', 'net_sales': '2096000000', 'operating_income': '200000000', 'revenues_from_external_customers': '2096000000', 'transactions_with_other_segments': None}, {'segment': 'Total', 'period': 'Prior1YTDDuration', 'net_sales': '14028000000', 'operating_income': '2261000000', 'revenues_from_external_customers': '14028000000', 'transactions_with_other_segments': '0'}, {'segment': 'Reconcile', 'period': 'CurrentYTDDuration', 'net_sales': '-0', 'operating_income': '2000000', 'revenues_from_external_customers': None, 'transactions_with_other_segments': '-0'}, {'segment': 'Total', 'period': 'CurrentYTDDuration', 'net_sales': '14678000000', 'operating_income': '2396000000', 'revenues_from_external_customers': '14678000000', 'transactions_with_other_segments': '0'}, {'segment': 'Foodservice', 'period': 'CurrentYTDDuration', 'net_sales': '1966000000', 'operating_income': '207000000', 'revenues_from_external_customers': '1966000000', 'transactions_with_other_segments': None}, {'segment': 'Foodbusiness', 'period': 'CurrentYTDDuration', 'net_sales': '12711000000', 'operating_income': '2188000000', 'revenues_from_external_customers': '12711000000', 'transactions_with_other_segments': '0'}]}",,,2017.0,3.0,2018-05-09 15:00:00+00:00
2,株式会社アクシーズ,代表取締役社長　　伊地知　高正,鹿児島県鹿児島市草牟田二丁目１番８号,2018-06-30T00:00:00.000Z,2018-09-25T16:25:00.000Z,2018-09-25T16:25:00.000Z,2018-08-10T11:00:00.000Z,【E00009】株式会社アクシーズ 有価証券報告書－第56期(平成29年7月1日－平成30年6月30日),【13810】株式会社アクシーズ 平成30年6月期 決算短信〔日本基準〕（連結）,Japan GAAP,5615892.0,5617500.0,1608.0,15360000000.0,10077000000.0,6724000000.0,1760000000.0,1760000000.0,,,,1258000000.0,390000000.0,208000000.0,660000000.0,,16000000.0,0.0,5283000000.0,4682000000.0,661000000.0,67000000.0,2344000000.0,11000000.0,17000000.0,13000000.0,582000000.0,336000000.0,41000000.0,0.0,,2916000000.0,35000000.0,2351000000.0,365000000.0,,365000000.0,,,,,,,,,,,445000000.0,565000000.0,35000000.0,,,,,,195000000.0,12444000000.0,12373000000.0,452000000.0,428000000.0,11493000000.0,-1000000.0,71000000.0,,19369000000.0,12101000000.0,7267000000.0,37.518715473178794,4276000000.0,2991000000.0,15.442201455934741,107000000.0,,1000000.0,7000000.0,9000000.0,11000000.0,0.0,,3086000000.0,54000000.0,,,125000000.0,,,29000000.0,3015000000.0,883000000.0,29.286898839137645,2131000000.0,,2131000000.0,11.002116784552635,2336000000.0,3015000000.0,550000000.0,,-81000000.0,-67000000.0,-153000000.0,-783000000.0,-808000000.0,,-33000000.0,,,,,,-10000000.0,,,,-253000000.0,,,,,,0.0,,-252000000.0,,3177000000.0,19050000000.0,2700000000.0,2800000000.0,2000000000.0,75.0,379.4588642374177,2215.854578400012,3250000000.0,3541000000.0,17.124718739954996,17.123342707914826,1.2610026041666667,1.2343297974927676,13.873697916666666,16.892379197051046,3.384698649951784,12.060509060870462,22.07651401724405,7.568460162377873,0.0,0.0,,101.6745406824147,110.77777777777777,106.55,-1.6469616397335907,-9.729187562688068,-6.1473486625997165,43.776041666666664,4.1658319995869695,33.166399917393775,37.9447979505826,11.00942070903231,2653000000.0,60.10177715894406,4.1369073045706966,0.22786458333333334,0.02168413444163354,1.4982876712328765,-6689000000.0,23.43109682603455,0.002812600450016072,428.62611654615057,-3.1389019239793523,12444000000.0,81.015625,-134000000.0,1180.0,16414406.779661017,2534745.7627118644,"{'segments': [{'name': 'Reconcile', 'type': 'Reconcile'}, {'name': 'Total', 'type': 'Total'}, {'name': 'FoodService', 'type': 'Segment'}, {'name': 'FoodBusiness', 'type': 'Segment'}], 'periods': [{'name': 'CurrentYearInstant', 'instant': '2018-06-30'}, {'name': 'CurrentYearDuration', 'start_date': '2017-07-01', 'end_date': '2018-06-30'}, {'name': 'Prior1YearDuration', 'start_date': '2016-07-01', 'end_date': '2017-06-30'}, {'name': 'Prior1YearInstant', 'instant': '2017-06-30'}], 'values': [{'segment': 'Reconcile', 'period': 'CurrentYearDuration', 'net_sales': '-0', 'operating_income': '3000000', 'revenues_from_external_customers': None, 'transactions_with_other_segments': '-0'}, {'segment': 'Total', 'period': 'CurrentYearDuration', 'net_sales': '19369000000', 'operating_income': '2988000000', 'revenues_from_external_customers': '19369000000', 'transactions_with_other_segments': '0'}, {'segment': 'FoodService', 'period': 'CurrentYearDuration', 'net_sales': '2493000000', 'operating_income': '211000000', 'revenues_from_external_customers': '2493000000', 'transactions_with_other_segments': None}, {'segment': 'FoodBusiness', 'period': 'CurrentYearDuration', 'net_sales': '16875000000', 'operating_income': '2776000000', 'revenues_from_external_customers': '16875000000', 'transactions_with_other_segments': '0'}, {'segment': 'Reconcile', 'period': 'Prior1YearDuration', 'net_sales': '-0', 'operating_income': '3000000', 'revenues_from_external_customers': None, 'transactions_with_other_segments': '-0'}, {'segment': 'FoodBusiness', 'period': 'Prior1YearDuration', 'net_sales': '16147000000', 'operating_income': '2745000000', 'revenues_from_external_customers': '16147000000', 'transactions_with_other_segments': '0'}, {'segment': 'FoodService', 'period': 'Prior1YearDuration', 'net_sales': '2655000000', 'operating_income': '216000000', 'revenues_from_external_customers': '2655000000', 'transactions_with_other_segments': None}, {'segment': 'Total', 'period': 'Prior1YearDuration', 'net_sales': '18802000000', 'operating_income': '2961000000', 'revenues_from_external_customers': '18802000000', 'transactions_with_other_segments': '0'}]}",927000000.0,,2017.0,4.0,2018-09-25 16:25:00+00:00
3,株式会社アクシーズ,代表取締役社長　　伊地知　高正,鹿児島県鹿児島市草牟田二丁目１番８号,2018-09-30T00:00:00.000Z,2018-11-02T16:10:00.000Z,2018-11-02T16:10:00.000Z,2018-10-26T15:00:00.000Z,【E00009】株式会社アクシーズ 四半期報告書－第57期第1四半期(平成30年7月1日－平成30年9月30日),【13810】株式会社アクシーズ 平成31年6月期 第1四半期決算短信〔日本基準〕（連結） ,Japan GAAP,5615892.0,5617500.0,1608.0,15383000000.0,10158000000.0,6579000000.0,1900000000.0,1900000000.0,,,,1346000000.0,308000000.0,219000000.0,819000000.0,,,0.0,5225000000.0,4631000000.0,647000000.0,,2344000000.0,,16000000.0,,576000000.0,,,0.0,,2850000000.0,36000000.0,2320000000.0,462000000.0,,462000000.0,,,1000000.0,,,,,,,,240000000.0,529000000.0,35000000.0,,,,,,,12533000000.0,12459000000.0,452000000.0,428000000.0,11580000000.0,-1000000.0,74000000.0,,4950000000.0,3167000000.0,1783000000.0,36.02020202020202,1076000000.0,706000000.0,14.262626262626263,22000000.0,,0.0,1000000.0,3000000.0,0.0,0.0,,728000000.0,,,,,,,,728000000.0,221000000.0,30.357142857142858,507000000.0,,507000000.0,10.242424242424242,,728000000.0,,,,,,,,,,,,,,,,,,,,,,,,,,,,,0.0,19050000000.0,2700000000.0,2800000000.0,2000000000.0,,321.765447056318,2231.7024615145733,2700000000.0,706000000.0,14.417936647251256,14.416786341152067,1.2732236884872912,1.2273996648847043,11.746733407007735,13.223008990373138,3.5847072528524695,0.0,21.737373737373737,0.0,0.0,0.0,,25.984251968503937,26.14814814814815,25.35,284.8484848484849,282.43626062322943,294.47731755424064,42.76799063901709,4.030838353926273,35.407944450117434,36.71000523051632,12.600313830979601,2784000000.0,59.517635849654155,4.229324120060462,0.2340245725801209,0.02205657102011641,1.506276150627615,-6543000000.0,22.738152225945427,0.002872416819596266,437.84482758620686,-3.620918649695628,12533000000.0,81.47305467074042,507000000.0,,,,"{'segments': [{'name': 'Reconcile', 'type': 'Reconcile'}, {'name': 'FoodBusiness', 'type': 'Segment'}, {'name': 'FoodService', 'type': 'Segment'}, {'name': 'Total', 'type': 'Total'}], 'periods': [{'name': 'Prior1YTDDuration', 'start_date': '2017-07-01', 'end_date': '2017-09-30'}, {'name': 'CurrentYTDDuration', 'start_date': '2018-07-01', 'end_date': '2018-09-30'}], 'values': [{'segment': 'Reconcile', 'period': 'Prior1YTDDuration', 'net_sales': '-0', 'operating_income': '0', 'revenues_from_external_customers': None, 'transactions_with_other_segments': '-0'}, {'segment': 'FoodBusiness', 'period': 'Prior1YTDDuration', 'net_sales': '4000000000', 'operating_income': '633000000', 'revenues_from_external_customers': '4000000000', 'transactions_with_other_segments': '0'}, {'segment': 'FoodService', 'period': 'Prior1YTDDuration', 'net_sales': '651000000', 'operating_income': '66000000', 'revenues_from_external_customers': '651000000', 'transactions_with_other_segments': None}, {'segment': 'Total', 'period': 'Prior1YTDDuration', 'net_sales': '4652000000', 'operating_income': '700000000', 'revenues_from_external_customers': '4652000000', 'transactions_with_other_segments': '0'}, {'segment': 'Total', 'period': 'CurrentYTDDuration', 'net_sales': '4950000000', 'operating_income': '706000000', 'revenues_from_external_customers': '4950000000', 'transactions_with_other_segments': '0'}, {'segment': 'FoodService', 'period': 'CurrentYTDDuration', 'net_sales': '695000000', 'operating_income': '79000000', 'revenues_from_external_customers': '695000000', 'transactions_with_other_segments': None}, {'segment': 'FoodBusiness', 'period': 'CurrentYTDDuration', 'net_sales': '4255000000', 'operating_income': '626000000', 'revenues_from_external_customers': '4255000000', 'transactions_with_other_segments': '0'}, {'segment': 'Reconcile', 'period': 'CurrentYTDDuration', 'net_sales': '-0', 'operating_income': '0', 'revenues_from_external_customers': None, 'transactions_with_other_segments': '-0'}]}",,,2018.0,1.0,2018-11-02 16:10:00+00:00
4,株式会社アクシーズ,代表取締役社長　　伊地知　高正,鹿児島県鹿児島市草牟田二丁目１番８号,2018-12-31T00:00:00.000Z,2019-02-01T11:05:00.000Z,2019-02-01T11:05:00.000Z,2019-01-25T15:00:00.000Z,【E00009】株式会社アクシーズ 四半期報告書－第57期第2四半期(平成30年10月1日－平成30年12月31日),【13810】株式会社アクシーズ 平成31年6月期 第2四半期決算短信〔日本基準〕（連結） ,Japan GAAP,5615851.0,5617500.0,1649.0,15926000000.0,10714000000.0,7383000000.0,1838000000.0,1838000000.0,,,,1083000000.0,254000000.0,242000000.0,587000000.0,,,0.0,5212000000.0,4567000000.0,656000000.0,,2344000000.0,,15000000.0,,629000000.0,,,0.0,,2989000000.0,35000000.0,2456000000.0,502000000.0,,502000000.0,,,,,,,,,,,420000000.0,533000000.0,35000000.0,,,,,,,12936000000.0,12883000000.0,452000000.0,428000000.0,12004000000.0,-1000000.0,53000000.0,,9868000000.0,6434000000.0,3434000000.0,34.799351438994734,2189000000.0,1245000000.0,12.616538305634373,54000000.0,,0.0,3000000.0,8000000.0,1000000.0,0.0,,1297000000.0,28000000.0,,,6000000.0,,,,1319000000.0,388000000.0,29.41622441243366,931000000.0,,931000000.0,9.434535873530605,1384000000.0,1319000000.0,273000000.0,,-78000000.0,173000000.0,136000000.0,-304000000.0,-236000000.0,,,,,,,,-8000000.0,,,,-420000000.0,,,,,,0.0,,-420000000.0,,1620000000.0,19050000000.0,2700000000.0,2800000000.0,2000000000.0,,321.76779618974933,2303.4799178254552,2973000000.0,1518000000.0,13.968769325912184,13.967689572543867,1.2298128845912344,1.2311379097093382,11.346226296621877,12.813198673964997,3.4730061842918984,14.025131738954194,22.18281313336036,7.949912638322656,0.0,0.0,,51.800524934383205,46.111111111111114,46.55,93.04823672476692,116.86746987951805,114.82277121374867,46.35815647369082,4.523435106708874,34.25252731542939,29.537099305088546,13.691250093402077,2419000000.0,50.09837652711586,4.288592073571272,0.2197664196910712,0.02144388849177984,1.4644351464435146,-7348000000.0,23.104274561335703,0.0027056277056277055,436.2377850162867,-4.066408411732152,12936000000.0,81.22566871781991,-475000000.0,,,,"{'segments': [{'name': 'Foodservice', 'type': 'Segment'}, {'name': 'Total', 'type': 'Total'}, {'name': 'Reconcile', 'type': 'Reconcile'}, {'name': 'Foodbusiness', 'type': 'Segment'}], 'periods': [{'name': 'Prior1YTDDuration', 'start_date': '2017-07-01', 'end_date': '2017-12-31'}, {'name': 'CurrentYTDDuration', 'start_date': '2018-07-01', 'end_date': '2018-12-31'}], 'values': [{'segment': 'Foodservice', 'period': 'Prior1YTDDuration', 'net_sales': '1398000000', 'operating_income': '182000000', 'revenues_from_external_customers': '1398000000', 'transactions_with_other_segments': None}, {'segment': 'Total', 'period': 'Prior1YTDDuration', 'net_sales': '9866000000', 'operating_income': '1659000000', 'revenues_from_external_customers': '9866000000', 'transactions_with_other_segments': '0'}, {'segment': 'Reconcile', 'period': 'CurrentYTDDuration', 'net_sales': '-0', 'operating_income': '1000000', 'revenues_from_external_customers': None, 'transactions_with_other_segments': '-0'}, {'segment': 'Reconcile', 'period': 'Prior1YTDDuration', 'net_sales': '-0', 'operating_income': '1000000', 'revenues_from_external_customers': None, 'transactions_with_other_segments': '-0'}, {'segment': 'Foodbusiness', 'period': 'Prior1YTDDuration', 'net_sales': '8467000000', 'operating_income': '1476000000', 'revenues_from_external_customers': '8467000000', 'transactions_with_other_segments': '0'}, {'segment': 'Total', 'period': 'CurrentYTDDuration', 'net_sales': '9868000000', 'operating_income': '1243000000', 'revenues_from_external_customers': '9868000000', 'transactions_with_other_segments': '0'}, {'segment': 'Foodservice', 'period': 'CurrentYTDDuration', 'net_sales': '1422000000', 'operating_income': '177000000', 'revenues_from_external_customers': '1422000000', 'transactions_with_other_segments': None}, {'segment': 'Foodbusiness', 'period': 'CurrentYTDDuration', 'net_sales': '8446000000', 'operating_income': '1065000000', 'revenues_from_external_customers': '8445000000', 'transactions_with_other_segments': '0'}]}",,,2018.0,2.0,2019-02-01 11:05:00+00:00
5,株式会社アクシーズ,代表取締役社長　　伊地知　高正,鹿児島県鹿児島市草牟田二丁目１番８号,2019-03-31T00:00:00.000Z,2019-05-09T14:35:00.000Z,2019-05-09T14:35:00.000Z,2019-04-26T15:00:00.000Z,【E00009】株式会社アクシーズ 四半期報告書－第57期第3四半期(平成31年1月1日－平成31年3月31日),【13810】株式会社アクシーズ 2019年6月期 第3四半期決算短信〔日本基準〕（連結） ,Japan GAAP,5615851.0,5617500.0,1649.0,15912000000.0,9310000000.0,5984000000.0,1845000000.0,1845000000.0,,,,1182000000.0,329000000.0,237000000.0,616000000.0,,,0.0,6602000000.0,5690000000.0,665000000.0,,2345000000.0,,12000000.0,,899000000.0,,,0.0,,2499000000.0,36000000.0,1988000000.0,379000000.0,,379000000.0,,,1000000.0,,,,,,,,179000000.0,510000000.0,35000000.0,,,,,,,13412000000.0,13353000000.0,452000000.0,428000000.0,12474000000.0,-1000000.0,59000000.0,,14781000000.0,9586000000.0,5195000000.0,35.14647182193357,3292000000.0,1902000000.0,12.86787091536432,81000000.0,,1000000.0,4000000.0,,6000000.0,0.0,1000000.0,1977000000.0,28000000.0,,,6000000.0,,,,1999000000.0,598000000.0,29.91495747873937,1401000000.0,,1401000000.0,9.478384412421352,,1999000000.0,,,,,,,,,,,,,,,,,,,,,,,,,,,,,0.0,19050000000.0,2700000000.0,2800000000.0,2000000000.0,,321.76779618974933,2388.2400013818033,2700000000.0,1902000000.0,13.473009245451834,13.472004771490345,1.2308949220713927,1.1864002385923054,11.356209150326798,12.35871505056514,3.349747092156278,0.0,22.2718354644476,0.0,0.0,0.0,,77.59055118110236,70.44444444444444,70.05,28.88167241729247,41.955835962145116,42.75517487508922,37.60683760683761,3.666292249566016,34.38297763708771,32.23716655458417,10.336621086452963,2648000000.0,56.28352310521892,3.4421792618629174,0.22624434389140274,0.02205657102011641,1.506276150627615,-5948000000.0,18.631178707224336,0.0026841634357291978,468.3098591549296,-3.2916436081903706,13412000000.0,84.2885872297637,1379000000.0,,,,"{'segments': [{'name': 'Reconcile', 'type': 'Reconcile'}, {'name': 'Foodbusiness', 'type': 'Segment'}, {'name': 'Foodservice', 'type': 'Segment'}, {'name': 'Total', 'type': 'Total'}, {'name': 'NotInclude', 'type': 'NotInclude'}], 'periods': [{'name': 'Prior1YTDDuration', 'start_date': '2017-07-01', 'end_date': '2018-03-31'}, {'name': 'CurrentYTDDuration', 'start_date': '2018-07-01', 'end_date': '2019-03-31'}], 'values': [{'segment': 'Reconcile', 'period': 'Prior1YTDDuration', 'net_sales': '-0', 'operating_income': '2000000', 'revenues_from_external_customers': None, 'transactions_with_other_segments': '-0'}, {'segment': 'Foodbusiness', 'period': 'Prior1YTDDuration', 'net_sales': '12711000000', 'operating_income': '2188000000', 'revenues_from_external_customers': '12711000000', 'transactions_with_other_segments': '0'}, {'segment': 'Foodservice', 'period': 'Prior1YTDDuration', 'net_sales': '1966000000', 'operating_income': '207000000', 'revenues_from_external_customers': '1966000000', 'transactions_with_other_segments': None}, {'segment': 'Total', 'period': 'Prior1YTDDuration', 'net_sales': '14678000000', 'operating_income': '2396000000', 'revenues_from_external_customers': '14678000000', 'transactions_with_other_segments': '0'}, {'segment': 'Reconcile', 'period': 'CurrentYTDDuration', 'net_sales': '-0', 'operating_income': '2000000', 'revenues_from_external_customers': None, 'transactions_with_other_segments': '-0'}, {'segment': 'NotInclude', 'period': 'CurrentYTDDuration', 'net_sales': '254000000', 'operating_income': '129000000', 'revenues_from_external_customers': '254000000', 'transactions_with_other_segments': None}, {'segment': 'Total', 'period': 'CurrentYTDDuration', 'net_sales': '14527000000', 'operating_income': '1770000000', 'revenues_from_external_customers': '14527000000', 'transactions_with_other_segments': '0'}, {'segment': 'Foodservice', 'period': 'CurrentYTDDuration', 'net_sales': '2045000000', 'operating_income': '229000000', 'revenues_from_external_customers': '2045000000', 'transactions_with_other_segments': None}, {'segment': 'Foodbusiness', 'period': 'CurrentYTDDuration', 'net_sales': '12481000000', 'operating_income': '1541000000', 'revenues_from_external_customers': '12481000000', 'transactions_with_other_segments': '0'}]}",,,2018.0,3.0,2019-05-09 14:35:00+00:00
6,株式会社アクシーズ,代表取締役社長　　伊地知　高正,鹿児島県鹿児島市草牟田二丁目１番８号,2019-06-30T00:00:00.000Z,2019-09-19T16:35:00.000Z,2019-09-19T16:35:00.000Z,2019-08-09T15:35:00.000Z,【E00009】株式会社アクシーズ 有価証券報告書－第57期(平成30年7月1日－令和1年6月30日),【13810】株式会社アクシーズ 2019年6月期 決算短信〔日本基準〕（連結）,Japan GAAP,5615851.0,5617500.0,1649.0,16426000000.0,9905000000.0,6543000000.0,1883000000.0,1883000000.0,,,,1174000000.0,290000000.0,230000000.0,654000000.0,,,0.0,6520000000.0,5575000000.0,672000000.0,1114000000.0,2343000000.0,21000000.0,8000000.0,7000000.0,936000000.0,336000000.0,34000000.0,-1000000.0,,2611000000.0,35000000.0,2150000000.0,424000000.0,,424000000.0,,,,,,,35000000.0,,,,363000000.0,461000000.0,,,,,,,125000000.0,13815000000.0,13759000000.0,452000000.0,428000000.0,12880000000.0,-1000000.0,55000000.0,,19586000000.0,13383000000.0,6203000000.0,31.670581027264372,3771000000.0,2431000000.0,12.411926886551619,131000000.0,,1000000.0,7000000.0,4000000.0,2000000.0,0.0,,2560000000.0,28000000.0,,,12000000.0,,,0.0,2576000000.0,769000000.0,29.85248447204969,1807000000.0,,1807000000.0,9.22597773920147,2390000000.0,2576000000.0,780000000.0,,-123000000.0,82000000.0,59000000.0,-2150000000.0,-1768000000.0,,,,,,,,-17000000.0,,,,-420000000.0,,,,,,0.0,,-420000000.0,,4158000000.0,19600000000.0,2100000000.0,2200000000.0,1560000000.0,80.0,321.76779618974933,2460.001164560812,2880000000.0,3211000000.0,13.079985522982266,13.079038795599304,1.1923779374162913,1.1889974665218965,11.000852307317667,12.0,3.2520309808179513,12.202593689369959,19.253548452976617,12.574560696437207,0.0,0.0,,99.92857142857143,115.76190476190476,115.83333333333333,0.07147962830593713,-13.615795968737142,-13.669064748201443,39.833191282113724,4.008781782906158,35.09113652609006,32.01897930209968,11.563924381678248,2633000000.0,55.5461914465115,3.513183856502242,0.2130768294167783,0.02144388849177984,1.4644351464435146,-6508000000.0,18.898378691372322,0.0025334781035106766,460.69767441860466,-3.6015495296070834,13815000000.0,84.10446852550834,-599000000.0,1290.0,15182945.736434108,1884496.1240310078,"{'segments': [{'name': 'Reconcile', 'type': 'Reconcile'}, {'name': 'NotInclude', 'type': 'NotInclude'}, {'name': 'Total', 'type': 'Total'}, {'name': 'FoodService', 'type': 'Segment'}, {'name': 'FoodBusiness', 'type': 'Segment'}], 'periods': [{'name': 'CurrentYearInstant', 'instant': '2019-06-30'}, {'name': 'CurrentYearDuration', 'start_date': '2018-07-01', 'end_date': '2019-06-30'}, {'name': 'Prior1YearInstant', 'instant': '2018-06-30'}, {'name': 'Prior1YearDuration', 'start_date': '2017-07-01', 'end_date': '2018-06-30'}], 'values': [{'segment': 'Reconcile', 'period': 'CurrentYearDuration', 'net_sales': '-0', 'operating_income': '3000000', 'revenues_from_external_customers': None, 'transactions_with_other_segments': '-0'}, {'segment': 'Reconcile', 'period': 'Prior1YearDuration', 'net_sales': '-0', 'operating_income': '3000000', 'revenues_from_external_customers': None, 'transactions_with_other_segments': '-0'}, {'segment': 'FoodBusiness', 'period': 'Prior1YearDuration', 'net_sales': '16875000000', 'operating_income': '2776000000', 'revenues_from_external_customers': '16875000000', 'transactions_with_other_segments': '0'}, {'segment': 'FoodService', 'period': 'Prior1YearDuration', 'net_sales': '2493000000', 'operating_income': '211000000', 'revenues_from_external_customers': '2493000000', 'transactions_with_other_segments': None}, {'segment': 'Total', 'period': 'Prior1YearDuration', 'net_sales': '19369000000', 'operating_income': '2988000000', 'revenues_from_external_customers': '19369000000', 'transactions_with_other_segments': '0'}, {'segment': 'NotInclude', 'period': 'CurrentYearDuration', 'net_sales': '366000000', 'operating_income': '193000000', 'revenues_from_external_customers': '366000000', 'transactions_with_other_segments': None}, {'segment': 'Total', 'period': 'CurrentYearDuration', 'net_sales': '19220000000', 'operating_income': '2235000000', 'revenues_from_external_customers': '19220000000', 'transactions_with_other_segments': '0'}, {'segment': 'FoodService', 'period': 'CurrentYearDuration', 'net_sales': '2629000000', 'operating_income': '275000000', 'revenues_from_external_customers': '2629000000', 'transactions_with_other_segments': None}, {'segment': 'FoodBusiness', 'period': 'CurrentYearDuration', 'net_sales': '16590000000', 'operating_income': '1959000000', 'revenues_from_external_customers': '16590000000', 'transactions_with_other_segments': '0'}]}",1668000000.0,,2018.0,4.0,2019-09-19 16:35:00+00:00
7,株式会社アクシーズ,代表取締役社長　　伊地知　高正,鹿児島県鹿児島市草牟田二丁目１番８号,2019-09-30T00:00:00.000Z,2019-11-01T10:00:00.000Z,2019-11-01T10:00:00.000Z,2019-10-25T15:00:00.000Z,【E00009】株式会社アクシーズ 四半期報告書－第58期第1四半期(令和1年7月1日－令和1年9月30日),【13810】株式会社アクシーズ 2020年6月期 第1四半期決算短信〔日本基準〕（連結）,Japan GAAP,5615851.0,5617500.0,1649.0,16197000000.0,9659000000.0,6519000000.0,1653000000.0,1653000000.0,,,,1307000000.0,305000000.0,220000000.0,782000000.0,,,0.0,6538000000.0,5602000000.0,659000000.0,,2343000000.0,,8000000.0,,927000000.0,,,0.0,,2452000000.0,36000000.0,2034000000.0,355000000.0,,355000000.0,,,1000000.0,,,,35000000.0,,,,177000000.0,417000000.0,,,,,,,,13745000000.0,13671000000.0,452000000.0,428000000.0,12792000000.0,-1000000.0,73000000.0,,4800000000.0,3366000000.0,1433000000.0,29.854166666666668,936000000.0,497000000.0,10.354166666666666,26000000.0,,0.0,1000000.0,3000000.0,0.0,0.0,,523000000.0,,,,0.0,,,,523000000.0,161000000.0,30.78393881453155,361000000.0,,361000000.0,7.520833333333334,,523000000.0,,,,,,,,,,,,,,,,,,,,,,,,,,,,,0.0,19600000000.0,2100000000.0,2200000000.0,1560000000.0,,351.3269849930135,2447.536446390761,2100000000.0,497000000.0,14.354310658421243,14.353266404772297,1.2205964067419892,1.178392142597308,12.181268136074582,13.692765401639939,3.4728798472171696,0.0,19.5,0.0,0.0,0.0,,24.489795918367346,23.666666666666668,23.141025641025642,308.3333333333333,322.53521126760563,332.13296398891964,40.24819411002037,3.9569044006069802,30.518209408194235,36.121375028394034,9.811085030665556,2605000000.0,56.82849940592271,3.5290967511602997,0.22226338210779772,0.021851289833080424,1.3057671381936888,-6483000000.0,17.837916484795578,0.00261913423062932,474.8770894788594,-3.2858590978205777,13745000000.0,84.86139408532443,361000000.0,,,,"{'segments': [{'name': 'Reconcile', 'type': 'Reconcile'}, {'name': 'FoodBusiness', 'type': 'Segment'}, {'name': 'FoodService', 'type': 'Segment'}, {'name': 'Total', 'type': 'Total'}, {'name': 'NotInclude', 'type': 'NotInclude'}], 'periods': [{'name': 'Prior1YTDDuration', 'start_date': '2018-07-01', 'end_date': '2018-09-30'}, {'name': 'CurrentYTDDuration', 'start_date': '2019-07-01', 'end_date': '2019-09-30'}], 'values': [{'segment': 'Reconcile', 'period': 'Prior1YTDDuration', 'net_sales': '-0', 'operating_income': '0', 'revenues_from_external_customers': None, 'transactions_with_other_segments': '-0'}, {'segment': 'FoodBusiness', 'period': 'Prior1YTDDuration', 'net_sales': '4255000000', 'operating_income': '626000000', 'revenues_from_external_customers': '4255000000', 'transactions_with_other_segments': '0'}, {'segment': 'FoodService', 'period': 'Prior1YTDDuration', 'net_sales': '695000000', 'operating_income': '79000000', 'revenues_from_external_customers': '695000000', 'transactions_with_other_segments': None}, {'segment': 'Total', 'period': 'Prior1YTDDuration', 'net_sales': '4950000000', 'operating_income': '706000000', 'revenues_from_external_customers': '4950000000', 'transactions_with_other_segments': '0'}, {'segment': 'NotInclude', 'period': 'CurrentYTDDuration', 'net_sales': '112000000', 'operating_income': '70000000', 'revenues_from_external_customers': '112000000', 'transactions_with_other_segments': None}, {'segment': 'Total', 'period': 'CurrentYTDDuration', 'net_sales': '4688000000', 'operating_income': '426000000', 'revenues_from_external_customers': '4688000000', 'transactions_with_other_segments': '0'}, {'segment': 'FoodService', 'period': 'CurrentYTDDuration', 'net_sales': '676000000', 'operating_income': '89000000', 'revenues_from_external_customers': '676000000', 'transactions_with_other_segments': None}, {'segment': 'FoodBusiness', 'period': 'CurrentYTDDuration', 'net_sales': '4011000000', 'operating_income': '337000000', 'revenues_from_external_customers': '4011000000', 'transactions_with_other_segments': '0'}, {'segment': 'Reconcile', 'period': 'CurrentYTDDuration', 'net_sales': '-0', 'operating_income': '0', 'revenues_from_external_customers': None, 'transactions_with_other_segments': '-0'}]}",,,2019.0,1.0,2019-11-01 10:00:00+00:00
8,株式会社アクシーズ,代表取締役社長　　伊地知　高正,鹿児島県鹿児島市草牟田二丁目１番８号,2019-12-31T00:00:00.000Z,2020-03-06T13:08:00.000Z,2020-03-06T13:08:00.000Z,2020-01-28T15:00:00.000Z,【E00009】株式会社アクシーズ 訂正四半期報告書－第58期第2四半期(令和1年10月1日－令和1年12月31日),【13810】株式会社アクシーズ 2020年6月期 第2四半期決算短信[日本基準](連結),Japan GAAP,5615851.0,5617500.0,1649.0,17243000000.0,10709000000.0,3172000000.0,1967000000.0,1967000000.0,,,4000000000.0,1391000000.0,315000000.0,221000000.0,855000000.0,,,0.0,6533000000.0,5530000000.0,663000000.0,1031000000.0,2361000000.0,,7000000.0,,994000000.0,,,0.0,,2929000000.0,35000000.0,2488000000.0,490000000.0,,490000000.0,,,,,,,35000000.0,,,,402000000.0,440000000.0,,,,,,,,14313000000.0,14191000000.0,452000000.0,428000000.0,13312000000.0,-1000000.0,122000000.0,,9934000000.0,6796000000.0,3137000000.0,31.578417555868732,1932000000.0,1205000000.0,12.130058385343265,68000000.0,,1000000.0,3000000.0,10000000.0,1000000.0,0.0,,1271000000.0,,,,,,,,1271000000.0,390000000.0,30.68450039339103,881000000.0,,881000000.0,8.868532313267567,1313000000.0,1271000000.0,371000000.0,,-84000000.0,-216000000.0,65000000.0,-4235000000.0,-304000000.0,,,,,,-4000000000.0,,-12000000.0,,,,-448000000.0,,,,,,,,-448000000.0,,1617000000.0,19600000000.0,2100000000.0,2200000000.0,1560000000.0,,351.3269849930135,2548.6787309706046,2471000000.0,1576000000.0,13.784671277859289,13.783708257649852,1.1465522240909354,1.204709005798924,11.442324421504377,13.151658767772512,3.335061377768462,13.217233742701831,19.448359170525467,11.826585910105196,0.0,0.0,,50.683673469387756,57.38095238095238,56.47435897435897,97.30219448359169,74.27385892116183,77.07150964812712,18.395870788145917,1.925341426403642,36.31537683358624,38.44287120466419,13.542061028242598,2868000000.0,61.21618701000783,3.5750452079566,0.20298091979353944,0.021244309559939303,1.2694958287994198,-3137000000.0,20.462484281123377,0.00244532942080626,430.4260450160772,-1.5899645210339584,14313000000.0,83.00759728585513,-432000000.0,,,,"{'segments': [{'name': 'Foodservice', 'type': 'Segment'}, {'name': 'Total', 'type': 'Total'}, {'name': 'Reconcile', 'type': 'Reconcile'}, {'name': 'Foodbusiness', 'type': 'Segment'}], 'periods': [{'name': 'Prior1YTDDuration', 'start_date': '2018-07-01', 'end_date': '2018-12-31'}], 'values': [{'segment': 'Foodservice', 'period': 'Prior1YTDDuration', 'net_sales': '1422000000', 'operating_income': '177000000', 'revenues_from_external_customers': '1422000000', 'transactions_with_other_segments': None}, {'segment': 'Total', 'period': 'Prior1YTDDuration', 'net_sales': '9868000000', 'operating_income': '1243000000', 'revenues_from_external_customers': '9868000000', 'transactions_with_other_segments': '0'}, {'segment': 'Reconcile', 'period': 'Prior1YTDDuration', 'net_sales': '-0', 'operating_income': '1000000', 'revenues_from_external_customers': None, 'transactions_with_other_segments': '-0'}, {'segment': 'Foodbusiness', 'period': 'Prior1YTDDuration', 'net_sales': '8446000000', 'operating_income': '1065000000', 'revenues_from_external_customers': '8445000000', 'transactions_with_other_segments': '0'}]}",,,2019.0,2.0,2020-03-06 13:08:00+00:00
9,株式会社アクシーズ,代表取締役社長　　伊地知　高正,鹿児島県鹿児島市草牟田二丁目１番８号,2020-03-31T00:00:00.000Z,2020-05-08T09:21:00.000Z,2020-05-08T09:21:00.000Z,2020-04-24T15:00:00.000Z,四半期報告書－第58期第3四半期(令和2年1月1日－令和2年3月31日),【13810】株式会社アクシーズ 2020年6月期 第3四半期決算短信〔日本基準〕(連結),Japan GAAP,5615851.0,5617500.0,1649.0,17091000000.0,10270000000.0,3079000000.0,1695000000.0,1695000000.0,,,4000000000.0,1341000000.0,366000000.0,222000000.0,753000000.0,,,0.0,6820000000.0,5871000000.0,682000000.0,1178000000.0,2361000000.0,,6000000.0,,942000000.0,,,0.0,,2361000000.0,36000000.0,1924000000.0,373000000.0,,373000000.0,,,1000000.0,,,,,,,,242000000.0,437000000.0,35000000.0,,,,,,,14729000000.0,14661000000.0,452000000.0,428000000.0,13782000000.0,-1000000.0,67000000.0,,14750000000.0,10019000000.0,4731000000.0,32.07457627118644,2845000000.0,1885000000.0,12.779661016949152,73000000.0,,1000000.0,5000000.0,1000000.0,1000000.0,0.0,,1957000000.0,28000000.0,,,28000000.0,,,,1957000000.0,605000000.0,30.91466530403679,1352000000.0,,1352000000.0,9.166101694915255,,1957000000.0,,,,,,,,,,,,,,,,,,,,,,,,,,,,,0.0,19600000000.0,2100000000.0,2200000000.0,1560000000.0,,351.3269849930135,2622.7547703811942,2100000000.0,1885000000.0,13.395342521556113,13.394433129667345,1.1567491662278393,1.1603639079367234,11.544087531449302,12.780223501523874,3.2408672347070406,0.0,19.28813559322034,0.0,0.0,0.0,,75.25510204081633,89.76190476190476,86.66666666666667,32.881355932203384,11.405835543766575,15.384615384615374,18.015329705693055,1.8688922610015175,31.293626707132017,37.061028242598624,10.308548497009161,2663000000.0,58.04610645272148,3.367399080224834,0.210637177461822,0.021851289833080424,1.3057671381936888,-3043000000.0,16.028513238289207,0.002444157783963609,533.7837837837837,-1.542321338063862,14729000000.0,86.17986074542156,1352000000.0,,,,"{'segments': [{'name': 'Reconcile', 'type': 'Reconcile'}, {'name': 'Foodbusiness', 'type': 'Segment'}, {'name': 'Foodservice', 'type': 'Segment'}, {'name': 'Total', 'type': 'Total'}, {'name': 'NotInclude', 'type': 'NotInclude'}], 'periods': [{'name': 'Prior1YTDDuration', 'start_date': '2018-07-01', 'end_date': '2019-03-31'}, {'name': 'CurrentYTDDuration', 'start_date': '2019-07-01', 'end_date': '2020-03-31'}], 'values': [{'segment': 'Reconcile', 'period': 'Prior1YTDDuration', 'net_sales': '-0', 'operating_income': '2000000', 'revenues_from_external_customers': None, 'transactions_with_other_segments': '-0'}, {'segment': 'Foodbusiness', 'period': 'Prior1YTDDuration', 'net_sales': '12481000000', 'operating_income': '1541000000', 'revenues_from_external_customers': '12481000000', 'transactions_with_other_segments': '0'}, {'segment': 'Foodservice', 'period': 'Prior1YTDDuration', 'net_sales': '2045000000', 'operating_income': '229000000', 'revenues_from_external_customers': '2045000000', 'transactions_with_other_segments': None}, {'segment': 'Total', 'period': 'Prior1YTDDuration', 'net_sales': '14527000000', 'operating_income': '1770000000', 'revenues_from_external_customers': '14527000000', 'transactions_with_other_segments': '0'}, {'segment': 'Reconcile', 'period': 'CurrentYTDDuration', 'net_sales': '-0', 'operating_income': '2000000', 'revenues_from_external_customers': None, 'transactions_with_other_segments': '-0'}, {'segment': 'NotInclude', 'period': 'CurrentYTDDuration', 'net_sales': '293000000', 'operating_income': '155000000', 'revenues_from_external_customers': '293000000', 'transactions_with_other_segments': None}, {'segment': 'Total', 'period': 'CurrentYTDDuration', 'net_sales': '14457000000', 'operating_income': '1728000000', 'revenues_from_external_customers': '14456000000', 'transactions_with_other_segments': '0'}, {'segment': 'Foodservice', 'period': 'CurrentYTDDuration', 'net_sales': '2073000000', 'operating_income': '286000000', 'revenues_from_external_customers': '2073000000', 'transactions_with_other_segments': None}, {'segment': 'Foodbusiness', 'period': 'CurrentYTDDuration', 'net_sales': '12383000000', 'operating_income': '1441000000', 'revenues_from_external_customers': '12383000000', 'transactions_with_other_segments': '0'}, {'segment': 'NotInclude', 'period': 'Prior1YTDDuration', 'net_sales': '254000000', 'operating_income': '129000000', 'revenues_from_external_customers': '254000000', 'transactions_with_other_segments': None}]}",,,2019.0,3.0,2020-05-08 09:21:00+00:00
