,company_name,ceo_name,headquarters_address,end_date,updated_date,edinet_updated_date,tdnet_updated_date,edinet_title,tdnet_title,accounting_standard,num_of_shares,issued_share_num,treasury_stock_num,assets,current_assets,cash_and_deposits,trade_receivables,notes_accounts_receivable,notes_receivable,accounts_receivable,current_securities,inventories,merchandise,work_in_process,raw_materials_and_supplies,prepaid_expenses,current_dta,current_allowance_doubtful_accounts,non_current_assets,tangible_fixed_assets,buildings,machineries,land,construction_in_progress,intangible_assets,good_will,investments_and_other_assets,investment_securities,non_current_dta,non_current_allowance_doubtful_accounts,lease_and_guarantee_deposits,liabilities,debt,current_liabilities,trade_payables,notes_accounts_payable,accounts_payable,notes_payable,short_term_bonds_payable,short_term_loans_payable,commercial_papers_liabilities,current_lease_obligations,current_portion_of_long_term_loans,current_portion_of_bonds,current_portion_of_convertible_bonds,current_portion_of_bonds_with_subscription_rights,advances_received,corporate_tax_payable,non_current_liabilities,bonds_payable,convertible_bonds,convertible_bond_type_bonds_with_subscription_rights,non_current_bonds_with_subscription_right,long_term_loans_payable,non_current_lease_obligations,non_current_dtl,net_assets,shareholders_equity,capital_stock,additional_capital_stock,retained_earnings,treasury_stock,valuation_and_translation_adjustments,non_controlling_interests,net_sales,cost_of_sales,gross_profit,gross_margin,sga,operating_income,operating_margin,non_operating_income,interest_and_dividends_income,interest_income,dividends_income,equity_method_income,non_operating_expenses,interest_expense,equity_method_loss,ordinary_income,extraordinary_income,gain_of_sales_non_current_assets,gain_of_sales_investment_securities,extraordinary_loss,loss_of_sales_non_current_assets,loss_of_valuation_investment_securities,impairment_loss,income_before_income_taxes,income_taxes,real_corporate_tax_rate,net_income,non_controling_interests,profit_loss_attributable_to_owners_of_parent,net_profit_margin,operating_cash_flow,income_before_taxes,depreciation,amortization,decrease_trade_receivables_op_cf,decrease_inventories_op_cf,increase_trade_payables_op_cf,investment_cash_flow,purchase_of_property,sale_of_property,purchase_of_intangible_assets,sale_of_intangible_assets,purchase_of_non_current_assets,sale_of_non_current_assets,purchase_of_securities,sale_of_securities,purchase_of_investment_securities,sale_of_investment_securities,lending,return_of_lending,financial_cash_flow,net_short_term_debt,long_term_debt_issuance,long_term_debt_repayment,bonds_issuance,bonds_repayment,share_repurchase,share_sales,dividend_payment,cash_translation_difference,free_cash_flow,ex_net_sales,ex_operating_income,ex_ordinary_income,ex_net_income,dividend,eps_actual,bps,ebitda_forecast,ebitda_actual,roe,real_roe,total_asset_turnover,financial_leverage,roa,roic,doe,net_sales_operating_cash_flow_ratio,sga_ratio,depreciation_gross_profit_ratio,r_and_d_ratio,interest_op_income_ratio,interest_coverage_ratio,net_sales_progress,operating_income_progress,net_income_progress,net_sales_growth_rate_forecast,operating_income_growth_rate_forecast,net_income_growth_rate_forecast,cash_assets_ratio,cash_monthly_sales_ratio,accounts_receivable_turnover,inventory_turnover,trade_payable_turnover,working_capital,ccc,tangible_fixed_assets_turnover,debt_assets_ratio,debt_monthly_sales_ratio,operating_cash_flow_debt_ratio,net_debt,adjusted_debt_ratio,de_ratio,current_ratio,net_debt_net_income_ratio,equity,equity_ratio,accrual,employee_num,net_sales_per_employee,operating_income_per_employee,segment_member,increase_in_properties,r_and_d_expenses,fiscal_year,fiscal_quarter,to_datetime
0,ショーボンドホールディングス株式会社,代表取締役社長　　岸　本　達　也,東京都中央区日本橋箱崎町７番８号,2017-12-31T00:00:00.000Z,2018-02-13T09:24:00.000Z,2018-02-13T09:24:00.000Z,2018-02-09T15:00:00.000Z,【E00329】ショーボンドホールディングス株式会社 四半期報告書－第11期第2四半期(平成29年10月1日－平成29年12月31日),【14140】ショーボンドホールディングス株式会社 平成30年6月期　第2四半期決算短信〔日本基準〕（連結）,Japan GAAP,53829142.0,28372590.0,1458019.0,85773000000.0,49140000000.0,6490000000.0,0.0,,,,13855000000.0,785000000.0,523000000.0,48000000.0,214000000.0,,185000000.0,-14000000.0,36633000000.0,11871000000.0,2971000000.0,85000000.0,8546000000.0,175000000.0,984000000.0,869000000.0,23777000000.0,21283000000.0,156000000.0,-31000000.0,,13859000000.0,0.0,11539000000.0,4933000000.0,4933000000.0,,,,,,,,,,,,1617000000.0,2320000000.0,,,,,,,852000000.0,71913000000.0,71654000000.0,5000000000.0,34762000000.0,34391000000.0,-2498000000.0,259000000.0,,27850000000.0,20921000000.0,6929000000.0,24.879712746858168,1665000000.0,5263000000.0,18.89766606822262,146000000.0,,41000000.0,50000000.0,,13000000.0,,,5397000000.0,69000000.0,66000000.0,,124000000.0,,,28000000.0,5342000000.0,1735000000.0,32.4784724822164,3606000000.0,,3606000000.0,12.947935368043087,-6760000000.0,5342000000.0,163000000.0,49000000.0,-9231000000.0,,545000000.0,3769000000.0,-265000000.0,100000000.0,,,,,-10207000000.0,14153000000.0,,,,,-1802000000.0,,,,,,0.0,,-1801000000.0,0.0,-6495000000.0,58800000000.0,10600000000.0,10850000000.0,7300000000.0,,135.63285106792154,1335.9492150181402,10812000000.0,5475000000.0,10.152545436847301,9.811721385279059,0.6958133678430275,1.1927328855700638,8.512002611544425,10.165060559286916,9.356643096519406,-24.272890484739676,5.978456014362657,2.3524318083417524,0.0,0.0,,47.363945578231295,49.65094339622642,49.397260273972606,111.1310592459605,101.40604218126543,102.44037714919578,7.566483625383278,1.3049160550919876,0.0,6.381403118040089,40.10122494432071,-4148000000.0,-33.71982182628062,5.0275461207985845,0.0,0.0,0.0,-6490000000.0,18.624934485492737,0.0,425.86012652742875,-0.8889193261197096,71913000000.0,83.84106886782554,10421000000.0,,,,"{'segments': [{'name': 'DomesticConstruction', 'type': 'Segment'}, {'name': 'NotInclude', 'type': 'NotInclude'}, {'name': 'Reconcile', 'type': 'Reconcile'}], 'periods': [{'name': 'Prior1YTDDuration', 'start_date': '2016-07-01', 'end_date': '2016-12-31'}, {'name': 'CurrentYTDDuration', 'start_date': '2017-07-01', 'end_date': '2017-12-31'}], 'values': [{'segment': 'DomesticConstruction', 'period': 'Prior1YTDDuration', 'net_sales': '24087000000', 'operating_income': '4596000000', 'revenues_from_external_customers': '24087000000', 'transactions_with_other_segments': '0'}, {'segment': 'DomesticConstruction', 'period': 'CurrentYTDDuration', 'net_sales': '26494000000', 'operating_income': '4743000000', 'revenues_from_external_customers': '26494000000', 'transactions_with_other_segments': '0'}, {'segment': 'NotInclude', 'period': 'CurrentYTDDuration', 'net_sales': '2326000000', 'operating_income': '499000000', 'revenues_from_external_customers': '1356000000', 'transactions_with_other_segments': '969000000'}, {'segment': 'NotInclude', 'period': 'Prior1YTDDuration', 'net_sales': '2034000000', 'operating_income': '407000000', 'revenues_from_external_customers': '1204000000', 'transactions_with_other_segments': '830000000'}, {'segment': 'Reconcile', 'period': 'CurrentYTDDuration', 'net_sales': '-969000000', 'operating_income': '21000000', 'revenues_from_external_customers': None, 'transactions_with_other_segments': '-969000000'}, {'segment': 'Reconcile', 'period': 'Prior1YTDDuration', 'net_sales': '-830000000', 'operating_income': '26000000', 'revenues_from_external_customers': None, 'transactions_with_other_segments': '-830000000'}]}",,,2017.0,2.0,2018-02-13 09:24:00+00:00
1,ショーボンドホールディングス株式会社,代表取締役社長　岸 本 達 也,東京都中央区日本橋箱崎町７番８号,2018-03-31T00:00:00.000Z,2018-05-14T10:37:00.000Z,2018-05-14T10:37:00.000Z,2018-05-10T15:00:00.000Z,【E00329】ショーボンドホールディングス株式会社 四半期報告書－第11期第3四半期(平成30年1月1日－平成30年3月31日),【14140】ショーボンドホールディングス株式会社 平成30年6月期　第3四半期決算短信〔日本基準〕（連結）,Japan GAAP,53829020.0,28372590.0,1458080.0,90155000000.0,55963000000.0,10473000000.0,0.0,,,,10655000000.0,,,,,,403000000.0,-14000000.0,34192000000.0,11609000000.0,2845000000.0,107000000.0,8286000000.0,277000000.0,955000000.0,844000000.0,21626000000.0,19280000000.0,157000000.0,-31000000.0,,17404000000.0,0.0,15294000000.0,5389000000.0,5389000000.0,,,,,,,,,,,,1729000000.0,2109000000.0,,,,,,,667000000.0,72751000000.0,72955000000.0,5000000000.0,34762000000.0,35692000000.0,-2499000000.0,-203000000.0,,44968000000.0,33209000000.0,11759000000.0,26.149706457925635,2560000000.0,9198000000.0,20.454545454545453,209000000.0,,60000000.0,56000000.0,,15000000.0,,,9392000000.0,69000000.0,66000000.0,,194000000.0,,,28000000.0,9267000000.0,3013000000.0,32.513218948958674,6253000000.0,,6253000000.0,13.905443871197296,,9267000000.0,,,,,,,,,,,,,,,,,,,,,,,,,,,,,0.0,58800000000.0,10600000000.0,10850000000.0,7300000000.0,,135.63315847102547,1351.5200536810812,10600000000.0,9198000000.0,10.0356008852112,9.702325581395348,0.6619932338749931,1.2392269522068424,8.098275192723642,10.047971849184204,9.248845376695854,0.0,5.692937199786515,0.0,0.0,0.0,,76.47619047619048,86.77358490566037,85.65753424657534,30.759651307596503,15.24244400956729,16.743962897809062,11.616660196328546,2.1057605308133107,0.0,,43.80812917594655,,-43.80812917594655,5.14101128434835,0.0,0.0,0.0,-10473000000.0,23.128239202657806,0.0,365.91473780567543,-1.4344610327352418,72751000000.0,80.695468914647,6378000000.0,,,,"{'segments': [{'name': 'DomesticConstruction', 'type': 'Segment'}, {'name': 'NotInclude', 'type': 'NotInclude'}, {'name': 'Reconcile', 'type': 'Reconcile'}], 'periods': [{'name': 'Prior1YTDDuration', 'start_date': '2016-07-01', 'end_date': '2017-03-31'}, {'name': 'CurrentYTDDuration', 'start_date': '2017-07-01', 'end_date': '2018-03-31'}], 'values': [{'segment': 'DomesticConstruction', 'period': 'Prior1YTDDuration', 'net_sales': '38470000000', 'operating_income': '8134000000', 'revenues_from_external_customers': '38469000000', 'transactions_with_other_segments': '0'}, {'segment': 'DomesticConstruction', 'period': 'CurrentYTDDuration', 'net_sales': '42951000000', 'operating_income': '8470000000', 'revenues_from_external_customers': '42951000000', 'transactions_with_other_segments': '0'}, {'segment': 'NotInclude', 'period': 'CurrentYTDDuration', 'net_sales': '3621000000', 'operating_income': '702000000', 'revenues_from_external_customers': '2016000000', 'transactions_with_other_segments': '1604000000'}, {'segment': 'NotInclude', 'period': 'Prior1YTDDuration', 'net_sales': '3358000000', 'operating_income': '652000000', 'revenues_from_external_customers': '1851000000', 'transactions_with_other_segments': '1507000000'}, {'segment': 'Reconcile', 'period': 'Prior1YTDDuration', 'net_sales': '-1507000000', 'operating_income': '42000000', 'revenues_from_external_customers': None, 'transactions_with_other_segments': '-1507000000'}, {'segment': 'Reconcile', 'period': 'CurrentYTDDuration', 'net_sales': '-1605000000', 'operating_income': '25000000', 'revenues_from_external_customers': None, 'transactions_with_other_segments': '-1605000000'}]}",,,2017.0,3.0,2018-05-14 10:37:00+00:00
2,ショーボンドホールディングス株式会社,代表取締役社長　　岸　本　達　也,東京都中央区日本橋箱崎町７番８号,2018-06-30T00:00:00.000Z,2018-09-28T15:40:00.000Z,2018-09-28T15:40:00.000Z,2018-08-10T15:00:00.000Z,【E00329】ショーボンドホールディングス株式会社 有価証券報告書－第11期(平成29年7月1日－平成30年6月30日),【14140】ショーボンドホールディングス株式会社 2018年6月期　決算短信〔日本基準〕（連結）,Japan GAAP,53828876.0,28372590.0,1458152.0,90976000000.0,55597000000.0,12294000000.0,0.0,,,,16290000000.0,884000000.0,530000000.0,46000000.0,306000000.0,,406000000.0,-29000000.0,35378000000.0,11909000000.0,3060000000.0,357000000.0,8286000000.0,,942000000.0,820000000.0,22526000000.0,20033000000.0,266000000.0,-31000000.0,,16879000000.0,0.0,14704000000.0,5421000000.0,5421000000.0,,,,,,,,,,,,2232000000.0,2175000000.0,,,,,,,498000000.0,74096000000.0,74002000000.0,5000000000.0,34762000000.0,36740000000.0,-2499000000.0,93000000.0,,59682000000.0,44900000000.0,14781000000.0,24.766261184276665,4000000000.0,10781000000.0,18.064072919808318,427000000.0,,79000000.0,175000000.0,,20000000.0,,,11187000000.0,69000000.0,66000000.0,,485000000.0,,,28000000.0,10772000000.0,3471000000.0,32.22242851838099,7301000000.0,,7301000000.0,12.233169129720855,1734000000.0,10772000000.0,361000000.0,98000000.0,-7301000000.0,,1918000000.0,-2063000000.0,-564000000.0,483000000.0,,,,,-26407000000.0,24437000000.0,,,,,-3147000000.0,,,,,,-1000000.0,,-3146000000.0,-2000000.0,2298000000.0,61300000000.0,11100000000.0,11450000000.0,7600000000.0,62.5,135.633521309269,1376.5102581744416,11559000000.0,11240000000.0,9.85343338371842,9.531953782884,0.6560191698909602,1.227812567480026,8.025193457615195,9.86557978838264,9.08093486827899,2.9053986126470295,6.702188264468349,2.4423246059129964,0.7439428973559867,0.0,,97.3605220228385,97.12612612612612,96.0657894736842,2.711035152977437,2.9589091920972033,4.095329406930559,13.513454097784031,2.4719010757012163,0.0,7.186191536748329,44.06826280623608,-4537000000.0,-36.882071269487746,5.011503904609959,0.0,0.0,0.0,-12294000000.0,22.036686467785103,0.0,378.10799782372146,-1.6838789206957951,74096000000.0,81.44565599718607,5983000000.0,819.0,72871794.87179486,13163614.163614163,"{'segments': [{'name': 'DomesticConstruction', 'type': 'Segment'}, {'name': 'NotInclude', 'type': 'NotInclude'}, {'name': 'Reconcile', 'type': 'Reconcile'}], 'periods': [{'name': 'Prior1YearDuration', 'start_date': '2016-07-01', 'end_date': '2017-06-30'}, {'name': 'CurrentYearDuration', 'start_date': '2017-07-01', 'end_date': '2018-06-30'}, {'name': 'Prior1YearInstant', 'instant': '2017-06-30'}, {'name': 'CurrentYearInstant', 'instant': '2018-06-30'}], 'values': [{'segment': 'DomesticConstruction', 'period': 'Prior1YearDuration', 'net_sales': '50851000000', 'operating_income': '9367000000', 'revenues_from_external_customers': '50850000000', 'transactions_with_other_segments': '0'}, {'segment': 'DomesticConstruction', 'period': 'CurrentYearDuration', 'net_sales': '57022000000', 'operating_income': '9916000000', 'revenues_from_external_customers': '57021000000', 'transactions_with_other_segments': '0'}, {'segment': 'NotInclude', 'period': 'Prior1YearDuration', 'net_sales': '4367000000', 'operating_income': '738000000', 'revenues_from_external_customers': '2399000000', 'transactions_with_other_segments': '1967000000'}, {'segment': 'NotInclude', 'period': 'CurrentYearDuration', 'net_sales': '4749000000', 'operating_income': '835000000', 'revenues_from_external_customers': '2660000000', 'transactions_with_other_segments': '2088000000'}, {'segment': 'Reconcile', 'period': 'CurrentYearDuration', 'net_sales': '-2089000000', 'operating_income': '29000000', 'revenues_from_external_customers': None, 'transactions_with_other_segments': '-2089000000'}, {'segment': 'Reconcile', 'period': 'Prior1YearDuration', 'net_sales': '-1968000000', 'operating_income': '54000000', 'revenues_from_external_customers': None, 'transactions_with_other_segments': '-1968000000'}]}",,444000000.0,2017.0,4.0,2018-09-28 15:40:00+00:00
3,ショーボンドホールディングス株式会社,代表取締役社長　　岸　本　達　也,東京都中央区日本橋箱崎町７番８号,2018-09-30T00:00:00.000Z,2018-11-12T11:21:00.000Z,2018-11-12T11:21:00.000Z,2018-11-09T15:00:00.000Z,【E00329】ショーボンドホールディングス株式会社 四半期報告書－第12期第1四半期(平成30年7月1日－平成30年9月30日),【14140】ショーボンドホールディングス株式会社 2019年6月期 第1四半期決算短信〔日本基準〕（連結）,Japan GAAP,53828758.0,28372590.0,1458211.0,86834000000.0,52409000000.0,6758000000.0,0.0,,,,17495000000.0,,,,,,,-28000000.0,34424000000.0,11840000000.0,3019000000.0,314000000.0,8286000000.0,5000000.0,906000000.0,795000000.0,21677000000.0,19292000000.0,264000000.0,-31000000.0,,13057000000.0,0.0,10852000000.0,4835000000.0,4835000000.0,,,,,,,,,,,,633000000.0,2205000000.0,,,,,,,531000000.0,73776000000.0,73466000000.0,5000000000.0,34762000000.0,36205000000.0,-2500000000.0,309000000.0,,13215000000.0,10101000000.0,3113000000.0,23.556564510026487,911000000.0,2202000000.0,16.66288308740068,52000000.0,,20000000.0,5000000.0,,7000000.0,,,2247000000.0,,,,44000000.0,,,,2203000000.0,719000000.0,32.63731275533364,1483000000.0,,1483000000.0,11.222096102913357,,2203000000.0,,,,,,,,,,,,,,,,,,,,,,,,,,,,,0.0,61300000000.0,11100000000.0,11450000000.0,7600000000.0,,150.10563684192752,1370.5684979764906,11100000000.0,2202000000.0,10.952071134244198,10.593109234883842,0.7004629522997904,1.176995228800694,9.305110901259875,10.619984818911298,9.849927252765127,0.0,6.893681422625804,0.0,0.0,0.0,,21.557911908646002,19.83783783783784,19.513157894736842,363.8668180098373,404.0871934604905,412.47471341874575,7.7826657760784945,1.3332894909903985,0.0,,39.443364176836084,,-39.443364176836084,5.137162162162162,0.0,0.0,0.0,-6758000000.0,17.118097435628506,0.0,482.943236269812,-0.8363861386138614,73776000000.0,84.96211161526591,1527000000.0,,,,"{'segments': [{'name': 'Reconcile', 'type': 'Reconcile'}, {'name': 'DomesticConstruction', 'type': 'Segment'}, {'name': 'NotInclude', 'type': 'NotInclude'}], 'periods': [{'name': 'CurrentYTDDuration', 'start_date': '2018-07-01', 'end_date': '2018-09-30'}, {'name': 'Prior1YTDDuration', 'start_date': '2017-07-01', 'end_date': '2017-09-30'}], 'values': [{'segment': 'Reconcile', 'period': 'CurrentYTDDuration', 'net_sales': '-310000000', 'operating_income': '1000000', 'revenues_from_external_customers': None, 'transactions_with_other_segments': '-310000000'}, {'segment': 'Reconcile', 'period': 'Prior1YTDDuration', 'net_sales': '-440000000', 'operating_income': '6000000', 'revenues_from_external_customers': None, 'transactions_with_other_segments': '-440000000'}, {'segment': 'DomesticConstruction', 'period': 'CurrentYTDDuration', 'net_sales': '12509000000', 'operating_income': '1960000000', 'revenues_from_external_customers': '12509000000', 'transactions_with_other_segments': '0'}, {'segment': 'DomesticConstruction', 'period': 'Prior1YTDDuration', 'net_sales': '11697000000', 'operating_income': '1857000000', 'revenues_from_external_customers': '11697000000', 'transactions_with_other_segments': '0'}, {'segment': 'NotInclude', 'period': 'CurrentYTDDuration', 'net_sales': '1016000000', 'operating_income': '240000000', 'revenues_from_external_customers': '705000000', 'transactions_with_other_segments': '310000000'}, {'segment': 'NotInclude', 'period': 'Prior1YTDDuration', 'net_sales': '1063000000', 'operating_income': '229000000', 'revenues_from_external_customers': '623000000', 'transactions_with_other_segments': '439000000'}]}",,,2018.0,1.0,2018-11-12 11:21:00+00:00
4,ショーボンドホールディングス株式会社,代表取締役社長　　岸　本　達　也,東京都中央区日本橋箱崎町７番８号,2018-12-31T00:00:00.000Z,2019-02-12T11:09:00.000Z,2019-02-12T11:09:00.000Z,2019-02-08T15:00:00.000Z,【E00329】ショーボンドホールディングス株式会社 四半期報告書－第12期第2四半期(平成30年10月1日－平成30年12月31日),【14140】ショーボンドホールディングス株式会社 2019年６月期　第２四半期決算短信〔日本基準〕（連結）,Japan GAAP,53828654.0,28372590.0,1458263.0,88722000000.0,55254000000.0,6193000000.0,0.0,,,,12597000000.0,949000000.0,556000000.0,68000000.0,325000000.0,,,-28000000.0,33468000000.0,12151000000.0,2997000000.0,282000000.0,8651000000.0,9000000.0,879000000.0,771000000.0,20437000000.0,17997000000.0,306000000.0,-31000000.0,,13641000000.0,0.0,11926000000.0,4694000000.0,4694000000.0,,,,,,,,,,,,1837000000.0,1714000000.0,,,,,,,49000000.0,75080000000.0,75851000000.0,5000000000.0,34762000000.0,38590000000.0,-2500000000.0,-771000000.0,,29635000000.0,22061000000.0,7573000000.0,25.554243293403072,1958000000.0,5615000000.0,18.947190821663572,172000000.0,,41000000.0,60000000.0,,12000000.0,,,5775000000.0,11000000.0,,,98000000.0,,,,5688000000.0,1820000000.0,31.9971870604782,3868000000.0,,3868000000.0,13.052134300658006,-7781000000.0,5688000000.0,271000000.0,49000000.0,-10175000000.0,,-1331000000.0,2397000000.0,-695000000.0,,,,,,-8999000000.0,12107000000.0,,,,,-2015000000.0,,,,,,0.0,,-2014000000.0,-1000000.0,-7086000000.0,61500000000.0,11400000000.0,11800000000.0,7800000000.0,,150.1059268544965,1394.7961619103462,11720000000.0,5935000000.0,10.761854022376133,10.415055426656355,0.6855571335181804,1.1816995205114544,9.107098577579405,10.435535428875866,9.67883363079382,-26.25611607896069,6.607052471739497,3.578502574937277,0.0,0.0,,48.1869918699187,49.25438596491228,49.58974358974359,107.52488611439178,103.02760463045414,101.6546018614271,6.980230382543224,1.221820334078653,0.0,7.741830941844352,38.29310267757364,-3745000000.0,-30.55127173572929,5.005678544975722,0.0,0.0,0.0,-6193000000.0,17.583139984532096,0.0,463.307060204595,-0.7664603960396039,75080000000.0,84.62388133721062,11736000000.0,,,,"{'segments': [{'name': 'Reconcile', 'type': 'Reconcile'}, {'name': 'DomesticConstruction', 'type': 'Segment'}, {'name': 'NotInclude', 'type': 'NotInclude'}], 'periods': [{'name': 'CurrentYTDDuration', 'start_date': '2018-07-01', 'end_date': '2018-12-31'}, {'name': 'Prior1YTDDuration', 'start_date': '2017-07-01', 'end_date': '2017-12-31'}], 'values': [{'segment': 'Reconcile', 'period': 'CurrentYTDDuration', 'net_sales': '-744000000', 'operating_income': '20000000', 'revenues_from_external_customers': None, 'transactions_with_other_segments': '-744000000'}, {'segment': 'DomesticConstruction', 'period': 'Prior1YTDDuration', 'net_sales': '26494000000', 'operating_income': '4743000000', 'revenues_from_external_customers': '26494000000', 'transactions_with_other_segments': '0'}, {'segment': 'DomesticConstruction', 'period': 'CurrentYTDDuration', 'net_sales': '27992000000', 'operating_income': '5064000000', 'revenues_from_external_customers': '27992000000', 'transactions_with_other_segments': '0'}, {'segment': 'NotInclude', 'period': 'CurrentYTDDuration', 'net_sales': '2387000000', 'operating_income': '530000000', 'revenues_from_external_customers': '1642000000', 'transactions_with_other_segments': '744000000'}, {'segment': 'NotInclude', 'period': 'Prior1YTDDuration', 'net_sales': '2326000000', 'operating_income': '499000000', 'revenues_from_external_customers': '1356000000', 'transactions_with_other_segments': '969000000'}, {'segment': 'Reconcile', 'period': 'Prior1YTDDuration', 'net_sales': '-969000000', 'operating_income': '21000000', 'revenues_from_external_customers': None, 'transactions_with_other_segments': '-969000000'}]}",,,2018.0,2.0,2019-02-12 11:09:00+00:00
5,ショーボンドホールディングス株式会社,代表取締役社長　　岸　本　達　也,東京都中央区日本橋箱崎町７番８号,2019-03-31T00:00:00.000Z,2019-05-14T09:15:00.000Z,2019-05-14T09:15:00.000Z,2019-05-13T15:00:00.000Z,【E00329】ショーボンドホールディングス株式会社 四半期報告書－第12期第3四半期(平成31年1月1日－平成31年3月31日),【14140】ショーボンドホールディングス株式会社 2019年６月期　第３四半期決算短信〔日本基準〕（連結）,Japan GAAP,53828614.0,28372590.0,1458283.0,93628000000.0,59987000000.0,8996000000.0,0.0,,,,11398000000.0,,,,,,,-29000000.0,33640000000.0,12077000000.0,2965000000.0,258000000.0,8651000000.0,11000000.0,854000000.0,746000000.0,20708000000.0,18372000000.0,364000000.0,-31000000.0,,16774000000.0,0.0,15166000000.0,4970000000.0,4970000000.0,,,,,,,,,,,,1864000000.0,1607000000.0,,,,,,,,76854000000.0,77408000000.0,5000000000.0,34762000000.0,40147000000.0,-2500000000.0,-554000000.0,,46291000000.0,33465000000.0,12825000000.0,27.705169471387528,2951000000.0,9873000000.0,21.328119936920785,235000000.0,,62000000.0,66000000.0,,26000000.0,,,10082000000.0,18000000.0,,,131000000.0,,,,9968000000.0,3197000000.0,32.07263242375602,6771000000.0,,6771000000.0,14.627033332613252,,9968000000.0,,,,,,,,,,,,,,,,,,,,,,,,,,,,,0.0,61500000000.0,11400000000.0,11800000000.0,7800000000.0,,150.10603839809065,1427.753647901839,11400000000.0,9873000000.0,10.513441070080933,10.18222143811276,0.6496347246550177,1.2182579956801207,8.629897039347204,10.19465480001041,9.455412717620423,0.0,6.374889287334471,0.0,0.0,0.0,,75.26991869918699,86.60526315789474,86.8076923076923,32.85519863472381,15.466423579459132,15.197164377492257,9.608236852223694,1.7748257266868341,0.0,,40.544678378257565,,-40.544678378257565,5.036350086942122,0.0,0.0,0.0,-8996000000.0,21.138190891448446,0.0,395.53606751945136,-1.1133663366336635,76854000000.0,82.08441919084035,6884000000.0,,,,"{'segments': [{'name': 'Reconcile', 'type': 'Reconcile'}, {'name': 'DomesticConstruction', 'type': 'Segment'}, {'name': 'NotInclude', 'type': 'NotInclude'}], 'periods': [{'name': 'CurrentYTDDuration', 'start_date': '2018-07-01', 'end_date': '2019-03-31'}, {'name': 'Prior1YTDDuration', 'start_date': '2017-07-01', 'end_date': '2018-03-31'}], 'values': [{'segment': 'Reconcile', 'period': 'CurrentYTDDuration', 'net_sales': '-1269000000', 'operating_income': '37000000', 'revenues_from_external_customers': None, 'transactions_with_other_segments': '-1269000000'}, {'segment': 'Reconcile', 'period': 'Prior1YTDDuration', 'net_sales': '-1605000000', 'operating_income': '25000000', 'revenues_from_external_customers': None, 'transactions_with_other_segments': '-1605000000'}, {'segment': 'DomesticConstruction', 'period': 'CurrentYTDDuration', 'net_sales': '43826000000', 'operating_income': '9044000000', 'revenues_from_external_customers': '43824000000', 'transactions_with_other_segments': '1000000'}, {'segment': 'DomesticConstruction', 'period': 'Prior1YTDDuration', 'net_sales': '42951000000', 'operating_income': '8470000000', 'revenues_from_external_customers': '42951000000', 'transactions_with_other_segments': '0'}, {'segment': 'NotInclude', 'period': 'CurrentYTDDuration', 'net_sales': '3734000000', 'operating_income': '791000000', 'revenues_from_external_customers': '2466000000', 'transactions_with_other_segments': '1268000000'}, {'segment': 'NotInclude', 'period': 'Prior1YTDDuration', 'net_sales': '3621000000', 'operating_income': '702000000', 'revenues_from_external_customers': '2016000000', 'transactions_with_other_segments': '1604000000'}]}",,,2018.0,3.0,2019-05-14 09:15:00+00:00
6,ショーボンドホールディングス株式会社,代表取締役社長　　岸本　達也,東京都中央区日本橋箱崎町７番８号,2019-06-30T00:00:00.000Z,2019-09-27T10:39:00.000Z,2019-09-27T10:39:00.000Z,2019-08-09T15:00:00.000Z,【E00329】ショーボンドホールディングス株式会社 有価証券報告書－第12期(平成30年7月1日－令和1年6月30日),【14140】ショーボンドホールディングス株式会社 2019年６月期　決算短信〔日本基準〕（連結）,Japan GAAP,53828340.0,28372590.0,1458420.0,94595000000.0,61095000000.0,11756000000.0,0.0,,,,18299000000.0,1029000000.0,599000000.0,141000000.0,287000000.0,,,-33000000.0,33499000000.0,12083000000.0,2940000000.0,241000000.0,8651000000.0,8000000.0,839000000.0,721000000.0,20576000000.0,18236000000.0,273000000.0,-15000000.0,,16486000000.0,0.0,14678000000.0,4845000000.0,4845000000.0,,,,,,,,,,,,2375000000.0,1808000000.0,,,,,,,82000000.0,78108000000.0,78716000000.0,5000000000.0,34762000000.0,41455000000.0,-2501000000.0,-650000000.0,42000000.0,60824000000.0,44742000000.0,16082000000.0,26.44022096540839,4354000000.0,11727000000.0,19.280218334867815,490000000.0,,82000000.0,199000000.0,,52000000.0,,,12165000000.0,18000000.0,0.0,,218000000.0,,,,11965000000.0,3892000000.0,32.52820727120769,8073000000.0,-6000000.0,8080000000.0,13.284229909246351,4550000000.0,11965000000.0,504000000.0,98000000.0,-4065000000.0,,-992000000.0,-5572000000.0,-842000000.0,0.0,,,,,-26402000000.0,23709000000.0,,,,,-3312000000.0,,,,,,-2000000.0,,-3359000000.0,-3000000.0,5392000000.0,65800000000.0,12200000000.0,12600000000.0,8400000000.0,67.5,150.10680247616776,1450.2769359040237,12802000000.0,12329000000.0,10.350216483488332,10.02892002929239,0.6429938157407897,1.2117310993262111,8.541677678524234,10.036379473778597,9.308566981784644,7.480599763251348,7.158358542680521,3.1339385648551175,1.0374194396948573,0.0,,92.43768996960486,96.12295081967213,96.19047619047619,8.180981191634885,4.033427133964351,3.960396039603964,12.42771816692214,2.3193476259371297,0.0,8.39446157972375,39.52494300657101,-3816000000.0,-31.130481426847258,5.033849209633369,0.0,0.0,0.0,-11756000000.0,20.451810591869393,0.0,416.2351819048917,-1.454950495049505,78066000000.0,82.52656060045457,3730000000.0,855.0,71139181.2865497,13715789.47368421,"{'segments': [{'name': 'NotInclude', 'type': 'NotInclude'}, {'name': 'Reconcile', 'type': 'Reconcile'}, {'name': 'DomesticConstruction', 'type': 'Segment'}], 'periods': [{'name': 'Prior1YearInstant', 'instant': '2018-06-30'}, {'name': 'Prior1YearDuration', 'start_date': '2017-07-01', 'end_date': '2018-06-30'}, {'name': 'CurrentYearDuration', 'start_date': '2018-07-01', 'end_date': '2019-06-30'}, {'name': 'CurrentYearInstant', 'instant': '2019-06-30'}], 'values': [{'segment': 'Reconcile', 'period': 'Prior1YearDuration', 'net_sales': '-2089000000', 'operating_income': '29000000', 'revenues_from_external_customers': None, 'transactions_with_other_segments': '-2089000000'}, {'segment': 'NotInclude', 'period': 'Prior1YearDuration', 'net_sales': '4749000000', 'operating_income': '835000000', 'revenues_from_external_customers': '2660000000', 'transactions_with_other_segments': '2088000000'}, {'segment': 'DomesticConstruction', 'period': 'CurrentYearDuration', 'net_sales': '57572000000', 'operating_income': '10750000000', 'revenues_from_external_customers': '57561000000', 'transactions_with_other_segments': '11000000'}, {'segment': 'DomesticConstruction', 'period': 'Prior1YearDuration', 'net_sales': '57022000000', 'operating_income': '9916000000', 'revenues_from_external_customers': '57021000000', 'transactions_with_other_segments': '0'}, {'segment': 'Reconcile', 'period': 'CurrentYearDuration', 'net_sales': '-1633000000', 'operating_income': '52000000', 'revenues_from_external_customers': None, 'transactions_with_other_segments': '-1633000000'}, {'segment': 'NotInclude', 'period': 'CurrentYearDuration', 'net_sales': '4884000000', 'operating_income': '923000000', 'revenues_from_external_customers': '3262000000', 'transactions_with_other_segments': '1621000000'}]}",,631000000.0,2018.0,4.0,2019-09-27 10:39:00+00:00
7,ショーボンドホールディングス株式会社,代表取締役社長　　岸　本　達　也,東京都中央区日本橋箱崎町７番８号,2019-09-30T00:00:00.000Z,2019-11-13T15:57:00.000Z,2019-11-13T15:57:00.000Z,2019-11-08T15:00:00.000Z,【E00329】ショーボンドホールディングス株式会社 訂正四半期報告書－第13期第1四半期(令和1年7月1日－令和1年9月30日),【14140】ショーボンドホールディングス株式会社 2020年６月期　第１四半期決算短信〔日本基準〕（連結）,Japan GAAP,53828196.0,56745180.0,2916984.0,89883000000.0,55863000000.0,8300000000.0,0.0,,,,16700000000.0,,,,,,,-33000000.0,34020000000.0,12090000000.0,2926000000.0,225000000.0,8651000000.0,16000000.0,807000000.0,697000000.0,21121000000.0,18776000000.0,,-15000000.0,,12645000000.0,0.0,10851000000.0,4218000000.0,4218000000.0,,,,,,,,,,,,571000000.0,1794000000.0,,,,,,,,77238000000.0,77788000000.0,5000000000.0,34762000000.0,40528000000.0,-2502000000.0,-586000000.0,36000000.0,13219000000.0,10287000000.0,2931000000.0,22.17263030486421,905000000.0,2026000000.0,15.326424086542099,56000000.0,,17000000.0,5000000.0,,29000000.0,,,2053000000.0,23000000.0,,23000000.0,66000000.0,,,,2010000000.0,655000000.0,32.58706467661692,1354000000.0,-6000000.0,1360000000.0,10.288221499356986,,2010000000.0,,,,,,,,,,,,,,,,,,,,,,,,,,,,,0.0,65800000000.0,12200000000.0,12600000000.0,8400000000.0,,150.10720403856743,1434.2297482902827,12200000000.0,2026000000.0,10.466050102328955,10.137508782495232,0.6767019347373808,1.1642574026579622,8.989464081083186,10.148700810859822,9.4127178829564,0.0,6.846206218322112,0.0,0.0,0.0,,20.08966565349544,16.60655737704918,16.19047619047619,397.7683637188894,502.17176702862787,517.6470588235294,9.234226716954263,1.6375115086150203,0.0,,34.40995038219123,,-34.40995038219123,5.030934656741108,0.0,0.0,0.0,-8300000000.0,15.857787810383748,0.0,514.8189106994747,-1.0272277227722773,77202000000.0,85.89165915690398,1403000000.0,,,,"{'segments': [{'name': 'Reconcile', 'type': 'Reconcile'}, {'name': 'DomesticConstruction', 'type': 'Segment'}, {'name': 'NotInclude', 'type': 'NotInclude'}], 'periods': [{'name': 'CurrentYTDDuration', 'start_date': '2019-07-01', 'end_date': '2019-09-30'}, {'name': 'Prior1YTDDuration', 'start_date': '2018-07-01', 'end_date': '2018-09-30'}], 'values': [{'segment': 'Reconcile', 'period': 'CurrentYTDDuration', 'net_sales': '-342000000', 'operating_income': '8000000', 'revenues_from_external_customers': None, 'transactions_with_other_segments': '-342000000'}, {'segment': 'Reconcile', 'period': 'Prior1YTDDuration', 'net_sales': '-310000000', 'operating_income': '1000000', 'revenues_from_external_customers': None, 'transactions_with_other_segments': '-310000000'}, {'segment': 'DomesticConstruction', 'period': 'CurrentYTDDuration', 'net_sales': '12480000000', 'operating_income': '1808000000', 'revenues_from_external_customers': '12479000000', 'transactions_with_other_segments': '1000000'}, {'segment': 'DomesticConstruction', 'period': 'Prior1YTDDuration', 'net_sales': '12509000000', 'operating_income': '1960000000', 'revenues_from_external_customers': '12509000000', 'transactions_with_other_segments': '0'}, {'segment': 'NotInclude', 'period': 'CurrentYTDDuration', 'net_sales': '1081000000', 'operating_income': '209000000', 'revenues_from_external_customers': '739000000', 'transactions_with_other_segments': '341000000'}, {'segment': 'NotInclude', 'period': 'Prior1YTDDuration', 'net_sales': '1016000000', 'operating_income': '240000000', 'revenues_from_external_customers': '705000000', 'transactions_with_other_segments': '310000000'}]}",,,2019.0,1.0,2019-11-13 15:57:00+00:00
8,ショーボンドホールディングス株式会社,代表取締役社長　　岸　本　達　也,東京都中央区日本橋箱崎町７番８号,2019-12-31T00:00:00.000Z,2020-02-12T09:12:00.000Z,2020-02-12T09:12:00.000Z,2020-02-10T15:00:00.000Z,【E00329】ショーボンドホールディングス株式会社 四半期報告書－第13期第2四半期(令和1年10月1日－令和1年12月31日),【14140】ショーボンドホールディングス株式会社 2020年６月期　第２四半期決算短信〔日本基準〕（連結）,Japan GAAP,53828196.0,56745180.0,2916984.0,94694000000.0,60465000000.0,8341000000.0,0.0,,,,12706000000.0,940000000.0,524000000.0,127000000.0,289000000.0,,,-27000000.0,34229000000.0,12031000000.0,2885000000.0,231000000.0,8651000000.0,17000000.0,776000000.0,672000000.0,21421000000.0,19072000000.0,,-15000000.0,,14174000000.0,0.0,11992000000.0,5009000000.0,5009000000.0,,,,,,,,,,,,1747000000.0,2182000000.0,,,,,,,,80520000000.0,80465000000.0,5000000000.0,34762000000.0,43205000000.0,-2502000000.0,25000000.0,29000000.0,30871000000.0,23092000000.0,7778000000.0,25.19516698519646,1880000000.0,5897000000.0,19.102069903793204,180000000.0,,33000000.0,74000000.0,,75000000.0,,,6002000000.0,23000000.0,,23000000.0,96000000.0,,,,5929000000.0,1905000000.0,32.13020745488278,4023000000.0,-13000000.0,4037000000.0,13.076997829678339,-6671000000.0,5929000000.0,207000000.0,49000000.0,-8474000000.0,,-204000000.0,7042000000.0,-73000000.0,,,,,,-16298000000.0,21421000000.0,,,,,-2285000000.0,,,,,,0.0,,-2283000000.0,0.0,-6598000000.0,65800000000.0,12200000000.0,12600000000.0,8400000000.0,,150.10720403856743,1495.331554488655,12456000000.0,6153000000.0,10.038389385148651,9.735760847300375,0.6423215832048493,1.1764545104421613,8.532747586964327,9.73400752879204,9.02809812277149,-21.609277315279712,6.089857795341906,2.6613525327847776,0.0,0.0,,46.91641337386018,48.33606557377049,48.05952380952381,113.14502283696672,106.88485670680006,108.07530344315084,8.80837223055315,1.645600420886492,0.0,7.66840999508292,40.86283581422377,-4069000000.0,-33.194425819140854,5.055606350261824,0.0,0.0,0.0,-8341000000.0,17.07258317072583,0.0,504.21114076050696,-1.0323019801980198,80491000000.0,85.00116163642892,10781000000.0,,,,"{'segments': [{'name': 'Reconcile', 'type': 'Reconcile'}, {'name': 'DomesticConstruction', 'type': 'Segment'}, {'name': 'NotInclude', 'type': 'NotInclude'}], 'periods': [{'name': 'CurrentYTDDuration', 'start_date': '2019-07-01', 'end_date': '2019-12-31'}, {'name': 'Prior1YTDDuration', 'start_date': '2018-07-01', 'end_date': '2018-12-31'}], 'values': [{'segment': 'Reconcile', 'period': 'CurrentYTDDuration', 'net_sales': '-834000000', 'operating_income': '12000000', 'revenues_from_external_customers': None, 'transactions_with_other_segments': '-834000000'}, {'segment': 'DomesticConstruction', 'period': 'Prior1YTDDuration', 'net_sales': '27992000000', 'operating_income': '5064000000', 'revenues_from_external_customers': '27992000000', 'transactions_with_other_segments': '0'}, {'segment': 'DomesticConstruction', 'period': 'CurrentYTDDuration', 'net_sales': '29267000000', 'operating_income': '5407000000', 'revenues_from_external_customers': '29265000000', 'transactions_with_other_segments': '1000000'}, {'segment': 'NotInclude', 'period': 'CurrentYTDDuration', 'net_sales': '2438000000', 'operating_income': '477000000', 'revenues_from_external_customers': '1605000000', 'transactions_with_other_segments': '832000000'}, {'segment': 'NotInclude', 'period': 'Prior1YTDDuration', 'net_sales': '2387000000', 'operating_income': '530000000', 'revenues_from_external_customers': '1642000000', 'transactions_with_other_segments': '744000000'}, {'segment': 'Reconcile', 'period': 'Prior1YTDDuration', 'net_sales': '-744000000', 'operating_income': '20000000', 'revenues_from_external_customers': None, 'transactions_with_other_segments': '-744000000'}]}",,,2019.0,2.0,2020-02-12 09:12:00+00:00
9,ショーボンドホールディングス株式会社,代表取締役社長　　岸　本　達　也,東京都中央区日本橋箱崎町７番８号,2020-03-31T00:00:00.000Z,2020-05-12T10:02:00.000Z,2020-05-12T10:02:00.000Z,2020-05-11T15:00:00.000Z,四半期報告書－第13期第3四半期(令和2年1月1日－令和2年3月31日),【14140】ショーボンドホールディングス株式会社 2020年６月期　第３四半期決算短信〔日本基準〕（連結）,Japan GAAP,53828094.0,56745180.0,2917086.0,98079000000.0,65195000000.0,12207000000.0,0.0,,,,7704000000.0,,,,,,,-27000000.0,32884000000.0,12155000000.0,2852000000.0,217000000.0,8651000000.0,173000000.0,745000000.0,648000000.0,19983000000.0,16977000000.0,,-15000000.0,,17786000000.0,0.0,16035000000.0,5635000000.0,5635000000.0,,,,,,,,,,,,2056000000.0,1751000000.0,,,,,,,,80292000000.0,81622000000.0,5000000000.0,34762000000.0,44362000000.0,-2502000000.0,-1351000000.0,22000000.0,49977000000.0,36573000000.0,13404000000.0,26.820337355183383,2965000000.0,10438000000.0,20.88560737939452,280000000.0,,48000000.0,81000000.0,,138000000.0,,,10580000000.0,23000000.0,,23000000.0,183000000.0,,63000000.0,,10420000000.0,3362000000.0,32.26487523992323,7058000000.0,-20000000.0,7078000000.0,14.162514756788122,,10420000000.0,,,,,,,,,,,,,,,,,,,,,,,,,,,,,0.0,65800000000.0,12200000000.0,12600000000.0,8400000000.0,,150.10748847990047,1491.2287252823776,12200000000.0,10438000000.0,10.0660271583406,9.761755182912095,0.6201531418550352,1.2218637099788214,8.238256915343753,9.760807275445371,9.05293719945185,0.0,5.932729055365468,0.0,0.0,0.0,,75.95288753799392,85.55737704918033,84.26190476190476,31.660563859375323,16.880628472887516,18.67759254026562,12.446089376930841,2.4083256609233197,0.0,,45.96967055563006,,-45.96967055563006,5.0040312628547925,0.0,0.0,0.0,-12207000000.0,21.482233012054014,0.0,406.5793576551294,-1.5107673267326733,80270000000.0,81.84218843993108,7238000000.0,,,,"{'segments': [{'name': 'Reconcile', 'type': 'Reconcile'}, {'name': 'DomesticConstruction', 'type': 'Segment'}, {'name': 'NotInclude', 'type': 'NotInclude'}], 'periods': [{'name': 'CurrentYTDDuration', 'start_date': '2019-07-01', 'end_date': '2020-03-31'}, {'name': 'Prior1YTDDuration', 'start_date': '2018-07-01', 'end_date': '2019-03-31'}], 'values': [{'segment': 'Reconcile', 'period': 'CurrentYTDDuration', 'net_sales': '-1547000000', 'operating_income': '10000000', 'revenues_from_external_customers': None, 'transactions_with_other_segments': '-1547000000'}, {'segment': 'Reconcile', 'period': 'Prior1YTDDuration', 'net_sales': '-1269000000', 'operating_income': '37000000', 'revenues_from_external_customers': None, 'transactions_with_other_segments': '-1269000000'}, {'segment': 'DomesticConstruction', 'period': 'CurrentYTDDuration', 'net_sales': '47559000000', 'operating_income': '9721000000', 'revenues_from_external_customers': '47545000000', 'transactions_with_other_segments': '13000000'}, {'segment': 'DomesticConstruction', 'period': 'Prior1YTDDuration', 'net_sales': '43826000000', 'operating_income': '9044000000', 'revenues_from_external_customers': '43824000000', 'transactions_with_other_segments': '1000000'}, {'segment': 'NotInclude', 'period': 'CurrentYTDDuration', 'net_sales': '3965000000', 'operating_income': '706000000', 'revenues_from_external_customers': '2431000000', 'transactions_with_other_segments': '1533000000'}, {'segment': 'NotInclude', 'period': 'Prior1YTDDuration', 'net_sales': '3734000000', 'operating_income': '791000000', 'revenues_from_external_customers': '2466000000', 'transactions_with_other_segments': '1268000000'}]}",,,2019.0,3.0,2020-05-12 10:02:00+00:00
