,company_name,ceo_name,headquarters_address,end_date,updated_date,edinet_updated_date,tdnet_updated_date,edinet_title,tdnet_title,accounting_standard,num_of_shares,issued_share_num,treasury_stock_num,assets,current_assets,cash_and_deposits,trade_receivables,notes_accounts_receivable,notes_receivable,accounts_receivable,current_securities,inventories,merchandise,work_in_process,raw_materials_and_supplies,prepaid_expenses,current_dta,current_allowance_doubtful_accounts,non_current_assets,tangible_fixed_assets,buildings,machineries,land,construction_in_progress,intangible_assets,good_will,investments_and_other_assets,investment_securities,non_current_dta,non_current_allowance_doubtful_accounts,lease_and_guarantee_deposits,liabilities,debt,current_liabilities,trade_payables,notes_accounts_payable,accounts_payable,notes_payable,short_term_bonds_payable,short_term_loans_payable,commercial_papers_liabilities,current_lease_obligations,current_portion_of_long_term_loans,current_portion_of_bonds,current_portion_of_convertible_bonds,current_portion_of_bonds_with_subscription_rights,advances_received,corporate_tax_payable,non_current_liabilities,bonds_payable,convertible_bonds,convertible_bond_type_bonds_with_subscription_rights,non_current_bonds_with_subscription_right,long_term_loans_payable,non_current_lease_obligations,non_current_dtl,net_assets,shareholders_equity,capital_stock,additional_capital_stock,retained_earnings,treasury_stock,valuation_and_translation_adjustments,non_controlling_interests,net_sales,cost_of_sales,gross_profit,gross_margin,sga,operating_income,operating_margin,non_operating_income,interest_and_dividends_income,interest_income,dividends_income,equity_method_income,non_operating_expenses,interest_expense,equity_method_loss,ordinary_income,extraordinary_income,gain_of_sales_non_current_assets,gain_of_sales_investment_securities,extraordinary_loss,loss_of_sales_non_current_assets,loss_of_valuation_investment_securities,impairment_loss,income_before_income_taxes,income_taxes,real_corporate_tax_rate,net_income,non_controling_interests,profit_loss_attributable_to_owners_of_parent,net_profit_margin,operating_cash_flow,income_before_taxes,depreciation,amortization,decrease_trade_receivables_op_cf,decrease_inventories_op_cf,increase_trade_payables_op_cf,investment_cash_flow,purchase_of_property,sale_of_property,purchase_of_intangible_assets,sale_of_intangible_assets,purchase_of_non_current_assets,sale_of_non_current_assets,purchase_of_securities,sale_of_securities,purchase_of_investment_securities,sale_of_investment_securities,lending,return_of_lending,financial_cash_flow,net_short_term_debt,long_term_debt_issuance,long_term_debt_repayment,bonds_issuance,bonds_repayment,share_repurchase,share_sales,dividend_payment,cash_translation_difference,free_cash_flow,ex_net_sales,ex_operating_income,ex_ordinary_income,ex_net_income,dividend,eps_actual,bps,ebitda_forecast,ebitda_actual,roe,real_roe,total_asset_turnover,financial_leverage,roa,roic,doe,net_sales_operating_cash_flow_ratio,sga_ratio,depreciation_gross_profit_ratio,r_and_d_ratio,interest_op_income_ratio,interest_coverage_ratio,net_sales_progress,operating_income_progress,net_income_progress,net_sales_growth_rate_forecast,operating_income_growth_rate_forecast,net_income_growth_rate_forecast,cash_assets_ratio,cash_monthly_sales_ratio,accounts_receivable_turnover,inventory_turnover,trade_payable_turnover,working_capital,ccc,tangible_fixed_assets_turnover,debt_assets_ratio,debt_monthly_sales_ratio,operating_cash_flow_debt_ratio,net_debt,adjusted_debt_ratio,de_ratio,current_ratio,net_debt_net_income_ratio,equity,equity_ratio,accrual,employee_num,net_sales_per_employee,operating_income_per_employee,segment_member,increase_in_properties,r_and_d_expenses,fiscal_year,fiscal_quarter,to_datetime
0,ベステラ株式会社,代表取締役社長　吉野　佳秀,東京都墨田区江東橋四丁目24番３号,2017-07-31T00:00:00.000Z,2017-09-14T09:29:00.000Z,2017-09-14T09:29:00.000Z,2017-09-08T15:00:00.000Z,【E31731】ベステラ株式会社 四半期報告書－第45期第2四半期(平成29年5月1日－平成29年7月31日),【14330】ベステラ株式会社 平成30年１月期第２四半期決算短信〔日本基準〕(非連結) ,Japan GAAP,8326800.0,8326800.0,,3496825000.0,3101898000.0,519253000.0,16849000.0,,16849000.0,,,,,,,,,-2442000.0,394927000.0,337567000.0,,,,,13897000.0,,43462000.0,,,-1180000.0,,1280563000.0,750000000.0,1237334000.0,701604000.0,,350802000.0,350802000.0,,700000000.0,,,,50000000.0,,,,12571000.0,43228000.0,,,,,,,,2216262000.0,2214995000.0,414535000.0,375505000.0,1424954000.0,,,,2140829000.0,1739864000.0,400964000.0,18.729380067254322,237842000.0,163121000.0,7.619524959723546,9809000.0,,,,,8814000.0,,,164117000.0,,,,,,,,164117000.0,53454000.0,32.57066604922098,110662000.0,,110662000.0,5.169119065558249,-204931000.0,164117000.0,16422000.0,,78634000.0,,-591974000.0,-46000.0,,,,,,,,,,,,,22077000.0,150000000.0,,,,-50000000.0,,,-82791000.0,,-204931000.0,5700000000.0,564000000.0,533000000.0,360000000.0,,31.687923331892204,266.00795023298264,580422000.0,179543000.0,11.912397093447163,,1.2859491109792454,1.578705595272224,7.54567357531475,9.314113514525319,5.638929207515141,-9.57250672519851,11.10980839665382,4.09562953282589,0.0,0.0,,37.55840350877193,28.922163120567376,30.739444444444445,166.2519986416477,245.75560473513525,225.3149229184363,14.849270409585838,1.3856788219196177,1.3676321885704286,,71.28762333723522,,-69.91999114866479,13.321026640637266,21.448027853838838,2.0014503843785465,202.89133681043995,230747000.0,57.780307562914494,0.33860121580409885,250.69205242885104,0.8745087338313265,2214995000.0,63.34303260815168,315593000.0,,,,"{'segments': [{'name': 'Total', 'type': 'Total'}, {'name': 'PlantDismantlingReportableSegments', 'type': 'Segment'}, {'name': 'NotInclude', 'type': 'NotInclude'}], 'periods': [{'name': 'CurrentYTDDuration', 'start_date': '2017-02-01', 'end_date': '2017-07-31'}, {'name': 'Prior1YTDDuration', 'start_date': '2016-02-01', 'end_date': '2016-07-31'}], 'values': [{'segment': 'Total', 'period': 'CurrentYTDDuration', 'net_sales': '2103773000', 'operating_income': '387985000', 'revenues_from_external_customers': '2103773000', 'transactions_with_other_segments': None}, {'segment': 'PlantDismantlingReportableSegments', 'period': 'CurrentYTDDuration', 'net_sales': '2103773000', 'operating_income': '387985000', 'revenues_from_external_customers': '2103773000', 'transactions_with_other_segments': None}, {'segment': 'NotInclude', 'period': 'Prior1YTDDuration', 'net_sales': '35045000', 'operating_income': '15939000', 'revenues_from_external_customers': '35045000', 'transactions_with_other_segments': None}, {'segment': 'Total', 'period': 'Prior1YTDDuration', 'net_sales': '1871145000', 'operating_income': '438990000', 'revenues_from_external_customers': '1871145000', 'transactions_with_other_segments': None}, {'segment': 'PlantDismantlingReportableSegments', 'period': 'Prior1YTDDuration', 'net_sales': '1871145000', 'operating_income': '438990000', 'revenues_from_external_customers': '1871145000', 'transactions_with_other_segments': None}, {'segment': 'NotInclude', 'period': 'CurrentYTDDuration', 'net_sales': '37055000', 'operating_income': '12979000', 'revenues_from_external_customers': '37055000', 'transactions_with_other_segments': None}]}",,,2017.0,2.0,2017-09-14 09:29:00+00:00
1,ベステラ株式会社,代表取締役社長　　吉野　佳秀,東京都墨田区江東橋四丁目24番３号,2017-10-31T00:00:00.000Z,2017-12-15T14:22:00.000Z,2017-12-15T14:22:00.000Z,2017-12-08T15:00:00.000Z,【E31731】ベステラ株式会社 四半期報告書－第45期第3四半期(平成29年8月1日－平成29年10月31日),【14330】ベステラ株式会社 平成30年１月期第３四半期決算短信〔日本基準〕(非連結),Japan GAAP,8353200.0,8353200.0,,3423404000.0,3032202000.0,518980000.0,18172000.0,18172000.0,,,,,,,,,,-2243000.0,391202000.0,333054000.0,,,,,12722000.0,,45424000.0,,,-1180000.0,,1203747000.0,500000000.0,1159174000.0,931276000.0,,465638000.0,465638000.0,,500000000.0,,,,,,,,,44572000.0,,,,,,,,2219657000.0,2218394000.0,417017000.0,377987000.0,1423389000.0,,,,2920970000.0,2341641000.0,579328000.0,19.833411503712806,349499000.0,229829000.0,7.868242398929123,12710000.0,,,,,25669000.0,,,216870000.0,,,,,,,,216870000.0,66138000.0,30.49661087287315,150731000.0,,150731000.0,5.160306336593666,,216870000.0,,,,,,,,,,,,,,,,,,,,,,,,,,,,,0.0,5700000000.0,564000000.0,533000000.0,360000000.0,,31.587774745007902,265.5741512234832,564000000.0,229829000.0,11.894145043666725,,1.3135285814937414,1.543190253850308,7.707503993101603,10.159049791899188,5.648140050865626,0.0,11.965169104783685,0.0,0.0,0.0,,51.24508771929825,40.74982269503546,41.86972222222222,95.14065533024988,145.39984075116718,138.8360722081058,15.159764959087504,1.384950293979704,1.4750200089442593,,94.62382299845363,,-93.14880298950938,13.501531283215334,14.605346024015864,1.3343002562523643,135.26089120696,-18980000.0,54.23121680511899,0.22538827638372624,261.5829892664949,-0.07193235781231642,2218394000.0,64.8008239752013,150731000.0,,,,"{'segments': [{'name': 'NotInclude', 'type': 'NotInclude'}, {'name': 'Total', 'type': 'Total'}, {'name': 'PlantDismantlingReportableSegments', 'type': 'Segment'}], 'periods': [{'name': 'Prior1YTDDuration', 'start_date': '2016-02-01', 'end_date': '2016-10-31'}, {'name': 'CurrentYTDDuration', 'start_date': '2017-02-01', 'end_date': '2017-10-31'}], 'values': [{'segment': 'NotInclude', 'period': 'Prior1YTDDuration', 'net_sales': '49808000', 'revenues_from_external_customers': '49808000', 'transactions_with_other_segments': None}, {'segment': 'Total', 'period': 'Prior1YTDDuration', 'net_sales': '2598562000', 'revenues_from_external_customers': '2598562000', 'transactions_with_other_segments': None}, {'segment': 'PlantDismantlingReportableSegments', 'period': 'Prior1YTDDuration', 'net_sales': '2598562000', 'revenues_from_external_customers': '2598562000', 'transactions_with_other_segments': None}, {'segment': 'NotInclude', 'period': 'CurrentYTDDuration', 'net_sales': '51654000', 'revenues_from_external_customers': '51654000', 'transactions_with_other_segments': None}, {'segment': 'Total', 'period': 'CurrentYTDDuration', 'net_sales': '2869316000', 'revenues_from_external_customers': '2869316000', 'transactions_with_other_segments': None}, {'segment': 'PlantDismantlingReportableSegments', 'period': 'CurrentYTDDuration', 'net_sales': '2869316000', 'revenues_from_external_customers': '2869316000', 'transactions_with_other_segments': None}]}",,,2017.0,3.0,2017-12-15 14:22:00+00:00
2,ベステラ株式会社,代表取締役社長　　吉野　佳秀,東京都墨田区江東橋四丁目24番３号,2018-01-31T00:00:00.000Z,2018-04-26T10:36:00.000Z,2018-04-26T10:36:00.000Z,2018-03-16T15:00:00.000Z,【E31731】ベステラ株式会社 有価証券報告書－第45期(平成29年2月1日－平成30年1月31日),【14330】ベステラ株式会社 平成30年１月期　決算短信〔日本基準〕(非連結)  ,Japan GAAP,8353200.0,8353200.0,,3905306000.0,3521787000.0,752862000.0,171350000.0,,162289000.0,9061000.0,,,,,,12955000.0,32653000.0,-2591000.0,383518000.0,325941000.0,182073000.0,,169244000.0,,11548000.0,,46029000.0,,12093000.0,-1180000.0,,1572521000.0,450000000.0,1527126000.0,1641504000.0,,820752000.0,820752000.0,,450000000.0,,,,,,,,23632000.0,45394000.0,,,,,,,,2332785000.0,2331522000.0,417017000.0,377987000.0,1536517000.0,,,,4496739000.0,3592285000.0,904453000.0,20.113531161136994,518443000.0,386010000.0,8.584220698599585,15053000.0,,6000.0,,,27356000.0,1242000.0,,373707000.0,,,,,,,,373707000.0,109847000.0,29.393883443446335,263859000.0,,263859000.0,5.86778552190821,369656000.0,373707000.0,32997000.0,,-73403000.0,,-122024000.0,-4529000.0,-3150000.0,,,,,,,,,,,,-314418000.0,-100000000.0,,,,-100000000.0,,,-124245000.0,,372806000.0,,,,,15.0,31.587774745007902,279.1172245367045,,419007000.0,11.317028104388465,,1.1514434464290377,1.6750028522141331,6.7564231842524,9.928485196234291,5.374086111990365,8.220534925420399,11.529310462537408,3.6482824425370914,0.0,0.3217533224527862,310.7971014492754,,,,-100.0,-100.0,-100.0,19.2779259807042,2.009087919045335,13.908467891954592,,166.78770197798895,,-152.87923408603436,13.796174767826079,11.52278464222778,1.2008702306271277,121.734802086264,-302862000.0,67.40959839848078,0.1930069714118074,230.61535197488615,-1.1478175843916638,2331522000.0,59.701390876924876,-105797000.0,58.0,77529982.7586207,6655344.827586207,"{'segments': [{'name': 'PlantDismantling', 'type': 'Segment'}, {'name': 'NotInclude', 'type': 'NotInclude'}, {'name': 'Total', 'type': 'Total'}], 'periods': [{'name': 'CurrentYearDuration', 'start_date': '2017-02-01', 'end_date': '2018-01-31'}, {'name': 'Prior1YearDuration', 'start_date': '2016-02-01', 'end_date': '2017-01-31'}], 'values': [{'segment': 'PlantDismantling', 'period': 'CurrentYearDuration', 'net_sales': '4429838000', 'revenues_from_external_customers': '4429838000', 'transactions_with_other_segments': None}, {'segment': 'PlantDismantling', 'period': 'Prior1YearDuration', 'net_sales': '4112167000', 'revenues_from_external_customers': '4112167000', 'transactions_with_other_segments': None}, {'segment': 'NotInclude', 'period': 'CurrentYearDuration', 'net_sales': '66900000', 'revenues_from_external_customers': '66900000', 'transactions_with_other_segments': None}, {'segment': 'Total', 'period': 'CurrentYearDuration', 'net_sales': '4429838000', 'revenues_from_external_customers': '4429838000', 'transactions_with_other_segments': None}, {'segment': 'NotInclude', 'period': 'Prior1YearDuration', 'net_sales': '70214000', 'revenues_from_external_customers': '70214000', 'transactions_with_other_segments': None}, {'segment': 'Total', 'period': 'Prior1YearDuration', 'net_sales': '4112167000', 'revenues_from_external_customers': '4112167000', 'transactions_with_other_segments': None}]}",,,2017.0,4.0,2018-04-26 10:36:00+00:00
3,ベステラ株式会社,代表取締役社長　　吉野　佳秀,東京都墨田区江東橋四丁目24番３号,2018-04-30T00:00:00.000Z,2018-06-14T13:15:00.000Z,2018-06-14T13:15:00.000Z,2018-06-08T15:00:00.000Z,【E31731】ベステラ株式会社 四半期報告書－第46期第1四半期(平成30年2月1日－平成30年4月30日),【14330】ベステラ株式会社 平成31年１月期　第１四半期決算短信〔日本基準〕(連結),Japan GAAP,8337800.0,8355600.0,17800.0,3858634000.0,3444187000.0,455661000.0,0.0,,,,,,,,,,,-2758000.0,414447000.0,331677000.0,,,,,33971000.0,23598000.0,48798000.0,,,-1180000.0,,1588169000.0,810354000.0,1524220000.0,1104480000.0,,552240000.0,552240000.0,,800000000.0,,,,,,,,3653000.0,63949000.0,,,,,10354000.0,,,2270465000.0,2266875000.0,417178000.0,378148000.0,1499376000.0,-27826000.0,,2327000.0,1052335000.0,855214000.0,197120000.0,18.73167765017794,124238000.0,72882000.0,6.925741327619057,3412000.0,,,,,2197000.0,297000.0,,74097000.0,,,,,,,,74097000.0,27713000.0,37.400974398423685,46384000.0,-5000.0,46390000.0,4.408292036281222,,74097000.0,,,,,,,,,,,,,,,,,,,,,,,,,,,,,0.0,1052335000.0,72882000.0,74097000.0,286000000.0,,74.58969992084243,271.879392645542,72882000.0,72882000.0,27.434848663976325,27.10216838613467,1.2769897326359536,1.702181327959712,16.117465403559912,7.647299681856736,5.517152239469649,0.0,11.805936322558882,0.0,0.0,0.4075080266732527,245.3939393939394,100.0,100.0,16.22027972027972,0.0,0.0,516.5121793489976,11.80886811239418,1.1096911253641852,0.0,,104.08090079562913,,-104.08090079562913,14.85612810053154,21.001058923961175,1.9734904725297293,46.20439878985954,354693000.0,69.10217200519864,0.3574761036774839,225.96390284867013,0.5703248359097882,2266876000.0,58.74814766054516,46390000.0,,,,"{'segments': [{'name': 'PlantDismantlingReportableSegments', 'type': 'Segment'}, {'name': 'NotInclude', 'type': 'NotInclude'}, {'name': 'Total', 'type': 'Total'}], 'periods': [{'name': 'CurrentYTDDuration', 'start_date': '2018-02-01', 'end_date': '2018-04-30'}], 'values': [{'segment': 'PlantDismantlingReportableSegments', 'period': 'CurrentYTDDuration', 'net_sales': '1023916000', 'revenues_from_external_customers': '1023916000', 'transactions_with_other_segments': None}, {'segment': 'NotInclude', 'period': 'CurrentYTDDuration', 'net_sales': '28419000', 'revenues_from_external_customers': '28419000', 'transactions_with_other_segments': None}, {'segment': 'Total', 'period': 'CurrentYTDDuration', 'net_sales': '1023916000', 'revenues_from_external_customers': '1023916000', 'transactions_with_other_segments': None}]}",,,2018.0,1.0,2018-06-14 13:15:00+00:00
4,ベステラ株式会社,代表取締役社長　吉野　佳秀,東京都墨田区江東橋四丁目24番３号,2018-07-31T00:00:00.000Z,2018-09-14T09:44:00.000Z,2018-09-14T09:44:00.000Z,2018-09-07T15:00:00.000Z,【E31731】ベステラ株式会社 四半期報告書－第46期第2四半期(平成30年5月1日－平成30年7月31日),【14330】ベステラ株式会社 平成31年１月期　第２四半期決算短信〔日本基準〕(連結),Japan GAAP,8226900.0,8355600.0,128700.0,3566073000.0,3140115000.0,663750000.0,0.0,,,,,,,,,,,-2401000.0,425958000.0,345027000.0,,,,,31596000.0,22398000.0,49333000.0,,,-1180000.0,,1423536000.0,509398000.0,1360477000.0,1380106000.0,,690053000.0,690053000.0,,500000000.0,,,,,,,,28940000.0,63058000.0,,,,,9398000.0,,,2142537000.0,2139170000.0,417178000.0,378148000.0,1543780000.0,-199936000.0,,2141000.0,2110872000.0,1718603000.0,392268000.0,18.583220583720852,252397000.0,139871000.0,6.626218927533266,9907000.0,,,,,10426000.0,698000.0,,139352000.0,,,,,,,,139352000.0,48749000.0,34.98263390550548,90602000.0,-192000.0,90794000.0,4.301255594844216,153492000.0,139352000.0,15137000.0,1599000.0,262675000.0,,-130698000.0,-12537000.0,-12543000.0,,,,,,,,,,,,-234273000.0,50000000.0,,-1218000.0,,,-199936000.0,,-83441000.0,,166035000.0,2110872000.0,139871000.0,139352000.0,286000000.0,,75.5951816601636,260.0213932343896,156607000.0,156607000.0,29.07267772079825,26.58767922445584,1.381754103182969,1.667035812955492,17.439743942426304,8.884989926632052,5.76875610634031,7.2714972769547375,11.957001656187586,3.858841404346008,0.0,0.49903125022342015,200.38825214899714,100.0,100.0,31.746153846153845,0.0,0.0,214.99878846619822,18.612911177084708,1.616459351273157,0.0,,130.05457380256098,,-130.05457380256098,14.281305521017195,14.284564561634044,1.240559187374529,29.044625354791698,-154352000.0,60.77064708963561,0.23812880696718822,230.8098556609189,-0.24818865630939327,2139170000.0,59.98671367636052,-62698000.0,,,,"{'segments': [{'name': 'PlantDismantlingReportableSegments', 'type': 'Segment'}, {'name': 'NotInclude', 'type': 'NotInclude'}, {'name': 'Total', 'type': 'Total'}], 'periods': [{'name': 'CurrentYTDDuration', 'start_date': '2018-02-01', 'end_date': '2018-07-31'}], 'values': [{'segment': 'PlantDismantlingReportableSegments', 'period': 'CurrentYTDDuration', 'net_sales': '2035059000', 'operating_income': '375509000', 'revenues_from_external_customers': '2035059000', 'transactions_with_other_segments': None}, {'segment': 'NotInclude', 'period': 'CurrentYTDDuration', 'net_sales': '75812000', 'operating_income': '16758000', 'revenues_from_external_customers': '75812000', 'transactions_with_other_segments': None}, {'segment': 'Total', 'period': 'CurrentYTDDuration', 'net_sales': '2035059000', 'operating_income': '375509000', 'revenues_from_external_customers': '2035059000', 'transactions_with_other_segments': None}]}",,,2018.0,2.0,2018-09-14 09:44:00+00:00
5,ベステラ株式会社,代表取締役社長　　吉野　佳秀,東京都江東区平野三丁目２番６号　木場パークビル,2018-10-31T00:00:00.000Z,2018-12-14T09:41:00.000Z,2018-12-14T09:41:00.000Z,2018-12-07T15:00:00.000Z,【E31731】ベステラ株式会社 四半期報告書－第46期第3四半期(平成30年8月1日－平成30年10月31日),【14330】ベステラ株式会社 平成31年１月期　第３四半期決算短信〔日本基準〕(連結),Japan GAAP,8226770.0,8355600.0,128830.0,3821404000.0,3486868000.0,1369655000.0,0.0,,,,,,,,,,,-1960000.0,334535000.0,123597000.0,,,,,29222000.0,21198000.0,181715000.0,133800000.0,,-1180000.0,,1385784000.0,8612000.0,1330690000.0,2104146000.0,,1052073000.0,1052073000.0,,,,,,,,,,130948000.0,55094000.0,,,,,8612000.0,,,2435619000.0,2426566000.0,417178000.0,378148000.0,1831364000.0,-200124000.0,5936000.0,1891000.0,3252688000.0,2651922000.0,600765000.0,18.469800976915092,379822000.0,220943000.0,6.792628127874545,21971000.0,,,,,22440000.0,978000.0,,220474000.0,388240000.0,388240000.0,,,,,,608715000.0,189644000.0,31.15480972211955,419071000.0,-442000.0,419513000.0,12.897425144987777,,608715000.0,,,,,,,,,,,,,,,,,,,,,,,,,,,,,0.0,3252688000.0,220943000.0,220474000.0,540000000.0,,75.59637622055801,295.68129411664603,220943000.0,220943000.0,25.566844343807322,23.62333274836608,1.2894307955924054,1.5709767145104094,16.2744896901767,9.640065969880965,5.073029744682636,0.0,11.677172849040547,0.0,0.0,0.44264810380957986,225.91308793456034,100.0,100.0,77.6875925925926,0.0,0.0,28.720683268456515,35.841669710923,3.3355806143397904,0.0,,198.28463266471087,,-198.28463266471087,39.866954699547726,0.22536219672141442,0.020973179560323057,0.49103513079255534,-1361043000.0,52.57659794600612,0.003540387633802562,262.03458356191146,-2.188474612245423,2432502000.0,63.65466723748654,31273000.0,,,,"{'segments': [{'name': 'PlantDismantlingReportableSegments', 'type': 'Segment'}, {'name': 'NotInclude', 'type': 'NotInclude'}, {'name': 'Total', 'type': 'Total'}], 'periods': [{'name': 'CurrentYTDDuration', 'start_date': '2018-02-01', 'end_date': '2018-10-31'}], 'values': [{'segment': 'PlantDismantlingReportableSegments', 'period': 'CurrentYTDDuration', 'net_sales': '3131086000', 'revenues_from_external_customers': '3131086000', 'transactions_with_other_segments': None}, {'segment': 'NotInclude', 'period': 'CurrentYTDDuration', 'net_sales': '121601000', 'revenues_from_external_customers': '121601000', 'transactions_with_other_segments': None}, {'segment': 'Total', 'period': 'CurrentYTDDuration', 'net_sales': '3131086000', 'revenues_from_external_customers': '3131086000', 'transactions_with_other_segments': None}]}",,,2018.0,3.0,2018-12-14 09:41:00+00:00
6,ベステラ株式会社,代表取締役社長　　吉野　佳秀,東京都江東区平野三丁目２番６号,2019-01-31T00:00:00.000Z,2019-04-26T13:13:00.000Z,2019-04-26T13:13:00.000Z,2019-03-15T15:00:00.000Z,【E31731】ベステラ株式会社 有価証券報告書－第46期(平成30年2月1日－平成31年1月31日),【14330】ベステラ株式会社 平成31年１月期　決算短信〔日本基準〕(連結),Japan GAAP,8226770.0,8355600.0,128830.0,4564424000.0,4059769000.0,2032042000.0,0.0,,,,,,,,,,53102000.0,-1869000.0,504654000.0,265406000.0,116875000.0,146760000.0,116490000.0,4610000.0,26847000.0,19998000.0,212401000.0,108180000.0,67815000.0,-1180000.0,,1949716000.0,10970000.0,1893093000.0,0.0,,,,,,,,3144000.0,,,,,250525000.0,56622000.0,,,,,7826000.0,,,2614708000.0,2628967000.0,417178000.0,378148000.0,2033765000.0,-200124000.0,-17063000.0,1582000.0,4927436000.0,3873287000.0,1054149000.0,21.39345899165408,556340000.0,497809000.0,10.102799914600617,29140000.0,,,1000.0,,31543000.0,1020000.0,,495407000.0,388240000.0,388240000.0,,,,,,883647000.0,262484000.0,29.704621868234714,621163000.0,-750000.0,621914000.0,12.621452617547948,1753846000.0,883647000.0,32493000.0,3999000.0,799128000.0,,536258000.0,298019000.0,-188308000.0,611646000.0,,,,,,,-125243000.0,,,,-777072000.0,-450000000.0,,-2790000.0,,,-200124000.0,,-124479000.0,,1942154000.0,4927436000.0,497809000.0,495407000.0,367000000.0,15.0,75.59637622055801,317.4883945947194,534301000.0,534301000.0,23.810752615716353,22.116209369181245,1.0795307359701902,1.747546617333562,13.625246033234422,8.972028393281569,4.72458214390728,35.593481072103216,11.29065907705346,3.0823915784201286,0.2010173242229833,0.20489786243318217,488.0480392156863,100.0,100.0,169.45885558583106,0.0,0.0,-40.98862543695753,44.51913319183319,4.948720592210634,0.0,,0.0,,0.0,18.565654129899098,0.24033700637802274,0.026715719899761254,0.6254825110072377,-2021072000.0,69.26580342983169,0.004200001225159883,214.45164078045823,-3.2497612210048334,2611904000.0,57.22308006442872,-1520172000.0,83.0,59366698.79518072,5997698.795180723,"{'segments': [{'name': 'NotInclude', 'type': 'NotInclude'}, {'name': 'Total', 'type': 'Total'}, {'name': 'PlantDismantling', 'type': 'Segment'}], 'periods': [{'name': 'CurrentYearInstant', 'instant': '2019-01-31'}, {'name': 'CurrentYearDuration', 'start_date': '2018-02-01', 'end_date': '2019-01-31'}], 'values': [{'segment': 'NotInclude', 'period': 'CurrentYearDuration', 'net_sales': '165795000', 'operating_income': '32401000', 'revenues_from_external_customers': '165795000', 'transactions_with_other_segments': None}, {'segment': 'Total', 'period': 'CurrentYearDuration', 'net_sales': '4761641000', 'operating_income': '1021748000', 'revenues_from_external_customers': '4761641000', 'transactions_with_other_segments': None}, {'segment': 'PlantDismantling', 'period': 'CurrentYearDuration', 'net_sales': '4761641000', 'operating_income': '1021748000', 'revenues_from_external_customers': '4761641000', 'transactions_with_other_segments': None}]}",,9905000.0,2018.0,4.0,2019-04-26 13:13:00+00:00
7,ベステラ株式会社,代表取締役社長　　吉野　佳秀,東京都江東区平野三丁目２番６号,2019-04-30T00:00:00.000Z,2019-06-14T10:42:00.000Z,2019-06-14T10:42:00.000Z,2019-06-07T15:00:00.000Z,【E31731】ベステラ株式会社 四半期報告書－第47期第1四半期(平成31年2月1日－平成31年4月30日),【14330】ベステラ株式会社 2020年１月期　第１四半期決算短信〔日本基準〕(連結) ,Japan GAAP,8226770.0,8355600.0,128830.0,3400101000.0,2919921000.0,760841000.0,0.0,,,,200088000.0,,,,,,,-1532000.0,480179000.0,284038000.0,,,,,26941000.0,18798000.0,169199000.0,108780000.0,,-1180000.0,,780665000.0,7040000.0,723286000.0,1009446000.0,,504723000.0,504723000.0,,,,,,,,,,2945000.0,57378000.0,,,,,7040000.0,,,2619436000.0,2632975000.0,417178000.0,378148000.0,2037774000.0,-200124000.0,-16471000.0,1709000.0,1114314000.0,846693000.0,267620000.0,24.016569835791348,136677000.0,130943000.0,11.750996577266372,8758000.0,,,,,8856000.0,33000.0,,130844000.0,,,,,,,,130844000.0,44441000.0,33.964874201339,86403000.0,126000.0,86276000.0,7.742521407789906,,130844000.0,,,,,,,,,,,,,,,,,,,,,,,,,,,,,0.0,5700000000.0,525000000.0,521000000.0,367000000.0,,7.289130484989856,318.04766633806463,525000000.0,130943000.0,2.291835865018412,2.1289988848371584,1.0106035085428344,1.2994819425149198,1.763653491469812,2.11888875548161,5.030692469534742,0.0,12.265573258524975,0.0,0.0,0.02520180536569347,3967.969696969697,19.54936842105263,24.941523809523808,23.508446866485013,411.52547666097706,300.9378126360325,325.3790161806296,22.377011741710024,2.6570671745212815,0.0,,135.0970141345801,,-135.0970141345801,12.097515121216174,0.2070526728470713,0.024585626837446747,-4.578951134005867,-753801000.0,27.687476060094482,0.002690612095142184,403.7021316602284,-12.570473268185305,2616505000.0,76.95374343291567,86276000.0,,,,"{'segments': [{'name': 'NotInclude', 'type': 'NotInclude'}, {'name': 'Total', 'type': 'Total'}, {'name': 'PlantDismantlingReportableSegments', 'type': 'Segment'}], 'periods': [{'name': 'Prior1YTDDuration', 'start_date': '2018-02-01', 'end_date': '2018-04-30'}, {'name': 'CurrentYTDDuration', 'start_date': '2019-02-01', 'end_date': '2019-04-30'}], 'values': [{'segment': 'NotInclude', 'period': 'Prior1YTDDuration', 'net_sales': '28419000', 'revenues_from_external_customers': '28419000', 'transactions_with_other_segments': None}, {'segment': 'Total', 'period': 'Prior1YTDDuration', 'net_sales': '1023916000', 'revenues_from_external_customers': '1023916000', 'transactions_with_other_segments': None}, {'segment': 'PlantDismantlingReportableSegments', 'period': 'Prior1YTDDuration', 'net_sales': '1023916000', 'revenues_from_external_customers': '1023916000', 'transactions_with_other_segments': None}, {'segment': 'PlantDismantlingReportableSegments', 'period': 'CurrentYTDDuration', 'net_sales': '1062089000', 'revenues_from_external_customers': '1062089000', 'transactions_with_other_segments': None}, {'segment': 'NotInclude', 'period': 'CurrentYTDDuration', 'net_sales': '52225000', 'revenues_from_external_customers': '52225000', 'transactions_with_other_segments': None}, {'segment': 'Total', 'period': 'CurrentYTDDuration', 'net_sales': '1062089000', 'revenues_from_external_customers': '1062089000', 'transactions_with_other_segments': None}]}",,,2019.0,1.0,2019-06-14 10:42:00+00:00
8,ベステラ株式会社,代表取締役社長　　吉野　佳秀,東京都江東区平野三丁目２番６号,2019-07-31T00:00:00.000Z,2019-09-13T09:55:00.000Z,2019-09-13T09:55:00.000Z,2019-09-06T15:00:00.000Z,【E31731】ベステラ株式会社 四半期報告書－第47期第2四半期(令和1年5月1日－令和1年7月31日),【14330】ベステラ株式会社 2020年１月期　第２四半期決算短信〔日本基準〕(連結) ,Japan GAAP,8226770.0,8355600.0,128830.0,3237338000.0,2771040000.0,1278719000.0,0.0,,,,100000000.0,,,,,,,-1269000.0,466297000.0,277268000.0,,,,,24550000.0,17598000.0,164478000.0,106020000.0,,-1180000.0,,605992000.0,6254000.0,545234000.0,384010000.0,384010000.0,,,,,,,,,,,,10356000.0,60758000.0,,,,,6254000.0,,,2631345000.0,2647739000.0,417178000.0,378148000.0,2052537000.0,-200124000.0,-19227000.0,1615000.0,1907815000.0,1473574000.0,434240000.0,22.761116774949354,280491000.0,153749000.0,8.058905082515862,17607000.0,,,,,18092000.0,74000.0,,153264000.0,,,,,,,,153264000.0,52191000.0,34.05300657688694,101072000.0,33000.0,101039000.0,5.296058580103416,-539171000.0,153264000.0,16156000.0,2399000.0,612438000.0,,-973000000.0,-132610000.0,-30260000.0,,,,,,-100139000.0,,,,,,-81719000.0,,,-1572000.0,,,,,-80147000.0,,-508911000.0,5700000000.0,525000000.0,521000000.0,367000000.0,,7.289130484989856,319.5071698856295,543555000.0,172304000.0,2.281366796118869,2.119961705924693,1.0614134205325487,1.2316238236690569,1.8523243479673732,2.109864784956235,5.0077123482791785,-28.261178363730238,14.70221169243349,3.7205232129697863,0.0,0.04813039434402825,2077.689189189189,33.47043859649123,29.28552380952381,27.53106267029973,198.7711072614483,241.4656355488491,263.22608101822067,39.49908844859573,4.4656403641978795,0.0,,51.3931447524881,,-51.3931447524881,12.392897846127212,0.19318341180315432,0.021840697477470448,-4.0677216466012345,-1272465000.0,21.402035480522656,0.0023792929231443495,508.22949412545813,-21.21977453890538,2628512000.0,81.19362266158183,640210000.0,,,,"{'segments': [{'name': 'NotInclude', 'type': 'NotInclude'}, {'name': 'Total', 'type': 'Total'}, {'name': 'PlantDismantlingReportableSegments', 'type': 'Segment'}], 'periods': [{'name': 'Prior1YTDDuration', 'start_date': '2018-02-01', 'end_date': '2018-07-31'}, {'name': 'CurrentYTDDuration', 'start_date': '2019-02-01', 'end_date': '2019-07-31'}], 'values': [{'segment': 'NotInclude', 'period': 'Prior1YTDDuration', 'net_sales': '75812000', 'operating_income': '16758000', 'revenues_from_external_customers': '75812000', 'transactions_with_other_segments': None}, {'segment': 'Total', 'period': 'Prior1YTDDuration', 'net_sales': '2035059000', 'operating_income': '375509000', 'revenues_from_external_customers': '2035059000', 'transactions_with_other_segments': None}, {'segment': 'PlantDismantlingReportableSegments', 'period': 'Prior1YTDDuration', 'net_sales': '2035059000', 'operating_income': '375509000', 'revenues_from_external_customers': '2035059000', 'transactions_with_other_segments': None}, {'segment': 'PlantDismantlingReportableSegments', 'period': 'CurrentYTDDuration', 'net_sales': '1804665000', 'operating_income': '411672000', 'revenues_from_external_customers': '1804665000', 'transactions_with_other_segments': None}, {'segment': 'NotInclude', 'period': 'CurrentYTDDuration', 'net_sales': '103149000', 'operating_income': '22568000', 'revenues_from_external_customers': '103149000', 'transactions_with_other_segments': None}, {'segment': 'Total', 'period': 'CurrentYTDDuration', 'net_sales': '1804665000', 'operating_income': '411672000', 'revenues_from_external_customers': '1804665000', 'transactions_with_other_segments': None}]}",,,2019.0,2.0,2019-09-13 09:55:00+00:00
9,ベステラ株式会社,代表取締役社長　　吉野　佳秀,東京都江東区平野三丁目２番６号,2019-10-31T00:00:00.000Z,2019-12-13T13:02:00.000Z,2019-12-13T13:02:00.000Z,2019-12-10T15:00:00.000Z,【E31731】ベステラ株式会社 四半期報告書－第47期第3四半期(令和1年8月1日－令和1年10月31日),【14330】ベステラ株式会社 2020年１月期　第３四半期決算短信〔日本基準〕(連結) ,Japan GAAP,8226770.0,8355600.0,128830.0,4835144000.0,1890450000.0,770820000.0,0.0,,,,,,,,,,,-912000.0,2944693000.0,273500000.0,,,,,22159000.0,16398000.0,2649034000.0,2592020000.0,,-1220000.0,,2257262000.0,1793612000.0,590305000.0,261895000.0,261895000.0,,,,,,,183144000.0,,,,,,1666957000.0,,,,,1610468000.0,,,2577881000.0,2588574000.0,417178000.0,378148000.0,1993372000.0,-200124000.0,-13223000.0,1312000.0,2641364000.0,2075782000.0,565581000.0,21.412459623134108,422825000.0,142756000.0,5.404631849302103,29136000.0,,,,,27298000.0,717000.0,,144594000.0,,,,,,,,144594000.0,53589000.0,37.06170380513714,91005000.0,-270000.0,91275000.0,3.4556009698019663,,144594000.0,,,,,,,,,,,,,,,,,,,,,,,,,,,,,0.0,3540000000.0,120000000.0,120000000.0,74000000.0,,7.289130484989856,313.0452170171282,120000000.0,142756000.0,2.328459305158792,2.160567110134301,0.7106621850352337,1.877469906043875,1.240211253273946,1.2723843163698112,5.111082722316298,0.0,16.007827773832005,0.0,0.0,0.5022555969626495,199.1018131101813,74.614802259887,118.96333333333334,123.3445945945946,34.02166456421758,-15.940485863991704,-18.926321555738156,15.942027786556098,2.6919166021080545,0.0,,35.05014881110615,,-35.05014881110615,12.563634369287021,37.09531711982104,6.263789108404338,-1166.599673489564,1022792000.0,81.25478535855767,0.6964534154761817,320.2497014255342,17.05619851249041,2575351000.0,53.26317065220808,91275000.0,,,,"{'segments': [{'name': 'PlantDismantlingReportableSegments', 'type': 'Segment'}, {'name': 'NotInclude', 'type': 'NotInclude'}, {'name': 'Total', 'type': 'Total'}], 'periods': [{'name': 'CurrentYTDDuration', 'start_date': '2019-02-01', 'end_date': '2019-10-31'}, {'name': 'Prior1YTDDuration', 'start_date': '2018-02-01', 'end_date': '2018-10-31'}], 'values': [{'segment': 'PlantDismantlingReportableSegments', 'period': 'CurrentYTDDuration', 'net_sales': '2485570000', 'revenues_from_external_customers': '2485570000', 'transactions_with_other_segments': None}, {'segment': 'NotInclude', 'period': 'CurrentYTDDuration', 'net_sales': '155793000', 'revenues_from_external_customers': '155793000', 'transactions_with_other_segments': None}, {'segment': 'Total', 'period': 'CurrentYTDDuration', 'net_sales': '2485570000', 'revenues_from_external_customers': '2485570000', 'transactions_with_other_segments': None}, {'segment': 'Total', 'period': 'Prior1YTDDuration', 'net_sales': '3131086000', 'revenues_from_external_customers': '3131086000', 'transactions_with_other_segments': None}, {'segment': 'PlantDismantlingReportableSegments', 'period': 'Prior1YTDDuration', 'net_sales': '3131086000', 'revenues_from_external_customers': '3131086000', 'transactions_with_other_segments': None}, {'segment': 'NotInclude', 'period': 'Prior1YTDDuration', 'net_sales': '121601000', 'revenues_from_external_customers': '121601000', 'transactions_with_other_segments': None}]}",,,2019.0,3.0,2019-12-13 13:02:00+00:00
10,ベステラ株式会社,代表取締役社長　　吉野　炳樹,東京都江東区平野三丁目２番６号,2020-01-31T00:00:00.000Z,2020-04-24T09:48:00.000Z,2020-04-24T09:48:00.000Z,2020-03-13T15:00:00.000Z,有価証券報告書－第47期(平成31年2月1日－令和2年1月31日),【14330】ベステラ株式会社 2020年１月期　決算短信〔日本基準〕(連結)  ,Japan GAAP,8226770.0,8355600.0,128830.0,4941139000.0,1965690000.0,938677000.0,0.0,,,,,,,,,,,-823000.0,2975449000.0,267841000.0,143723000.0,150356000.0,116490000.0,,26857000.0,15198000.0,2680751000.0,2586440000.0,55752000.0,-1220000.0,,2400182000.0,1756458000.0,770422000.0,0.0,,,,,,,1803000.0,183144000.0,,,,,185000.0,1629760000.0,,,,,1564682000.0,6829000.0,,2540956000.0,2557305000.0,417178000.0,378148000.0,1962103000.0,-200124000.0,-18803000.0,1237000.0,3436154000.0,2727283000.0,708871000.0,20.629779689734512,615679000.0,93191000.0,2.7120728582013496,44735000.0,,,1201000.0,,40704000.0,2305000.0,,97222000.0,,,,,,,,97222000.0,37601000.0,38.67540268663471,59620000.0,-345000.0,59966000.0,1.745148791352192,-153747000.0,97222000.0,35608000.0,4799000.0,1076967000.0,,-1009822000.0,-2543462000.0,-32959000.0,83000.0,-5451000.0,,,,-100139000.0,,-2480000000.0,,,,1604685000.0,,1800000000.0,-63144000.0,,,,,-131856000.0,,-115337000.0,6400000000.0,570000000.0,566000000.0,390000000.0,16.0,7.289130484989856,308.5659377860327,610407000.0,133598000.0,2.362260247287671,2.1896389611575153,0.6954173926295132,1.946479044128799,1.2136068222326877,1.2943080481094231,5.185277453111108,-4.474392009205641,17.917677729228668,5.023198861287879,0.49383700497707617,2.4734148147353285,40.42993492407809,53.68990625,16.349298245614037,15.375897435897436,86.25474876853599,511.6470474616648,550.3685421738985,18.997178585747132,3.278119665183807,0.0,,0.0,,0.0,12.829081432641008,35.54763385527102,6.134037065859097,-1142.43399871217,817781000.0,87.56336918294978,0.6919272436764846,255.14458309861348,13.637411199679818,2538501000.0,51.37481459234399,213713000.0,90.0,38179488.88888889,1035455.5555555555,"{'segments': [{'name': 'NotInclude', 'type': 'NotInclude'}, {'name': 'Total', 'type': 'Total'}, {'name': 'PlantDismantling', 'type': 'Segment'}], 'periods': [{'name': 'Prior1YearInstant', 'instant': '2019-01-31'}, {'name': 'Prior1YearDuration', 'start_date': '2018-02-01', 'end_date': '2019-01-31'}, {'name': 'CurrentYearInstant', 'instant': '2020-01-31'}, {'name': 'CurrentYearDuration', 'start_date': '2019-02-01', 'end_date': '2020-01-31'}], 'values': [{'segment': 'NotInclude', 'period': 'Prior1YearDuration', 'net_sales': '165795000', 'revenues_from_external_customers': '165795000', 'transactions_with_other_segments': None}, {'segment': 'Total', 'period': 'Prior1YearDuration', 'net_sales': '4761641000', 'revenues_from_external_customers': '4761641000', 'transactions_with_other_segments': None}, {'segment': 'PlantDismantling', 'period': 'Prior1YearDuration', 'net_sales': '4761641000', 'revenues_from_external_customers': '4761641000', 'transactions_with_other_segments': None}, {'segment': 'NotInclude', 'period': 'CurrentYearDuration', 'net_sales': '211614000', 'revenues_from_external_customers': '211614000', 'transactions_with_other_segments': None}, {'segment': 'Total', 'period': 'CurrentYearDuration', 'net_sales': '3224539000', 'revenues_from_external_customers': '3224539000', 'transactions_with_other_segments': None}, {'segment': 'PlantDismantling', 'period': 'CurrentYearDuration', 'net_sales': '3224539000', 'revenues_from_external_customers': '3224539000', 'transactions_with_other_segments': None}]}",45544000.0,16969000.0,2019.0,4.0,2020-04-24 09:48:00+00:00
11,ベステラ株式会社,代表取締役社長　　吉野　炳樹,東京都江東区平野三丁目２番６号,2020-04-30T00:00:00.000Z,2020-06-12T09:47:00.000Z,2020-06-12T09:47:00.000Z,2020-06-09T15:00:00.000Z,四半期報告書－第48期第1四半期(令和2年2月1日－令和2年4月30日),2021年１月期　第１四半期決算短信〔日本基準〕(連結) ,Japan GAAP,8226770.0,8355600.0,128830.0,5188308000.0,2897959000.0,1431478000.0,0.0,,,,,,,,,,,-1311000.0,2290348000.0,263226000.0,,,,,41508000.0,29089000.0,1985613000.0,1894919000.0,,-1220000.0,,3462997000.0,2702040000.0,937311000.0,0.0,,,,,,,,243144000.0,,,,,6720000.0,2525685000.0,,,,,2458896000.0,,,1725310000.0,2480810000.0,417178000.0,378148000.0,1885609000.0,-200124000.0,-758089000.0,1371000.0,901562000.0,726315000.0,175246000.0,19.438041976037145,160112000.0,15134000.0,1.6786421787963557,13616000.0,,,,,12577000.0,1627000.0,,16173000.0,,,,,,,,16173000.0,10087000.0,62.36938106721078,6086000.0,134000.0,5951000.0,0.6600766225728236,,16173000.0,,,,,,,,,,,,,,,,,,,,,,,,,,,,,0.0,,,,,,7.289130484989856,209.4042984063004,,15134000.0,3.4808886639217844,3.118608104137359,0.6622879751934542,3.0116937101248547,1.155791059435947,1.2563390429449184,7.640721858037372,0.0,17.75939979724079,0.0,0.0,10.750627725650851,9.301782421634911,,,,-100.0,-100.0,-100.0,27.590459163179982,4.999117036081619,0.0,,0.0,,0.0,13.054006823034198,52.079406234171145,9.43627090054753,-1757.4586821206267,1270562000.0,179.85539883475622,1.5684722018249038,309.17795694278635,21.188039889270588,1722721000.0,33.20390770941124,5951000.0,,,,"{'segments': [{'name': 'NotInclude', 'type': 'NotInclude'}, {'name': 'Total', 'type': 'Total'}, {'name': 'PlantDismantlingReportableSegments', 'type': 'Segment'}], 'periods': [{'name': 'Prior1YTDDuration', 'start_date': '2019-02-01', 'end_date': '2019-04-30'}, {'name': 'CurrentYTDDuration', 'start_date': '2020-02-01', 'end_date': '2020-04-30'}], 'values': [{'segment': 'NotInclude', 'period': 'Prior1YTDDuration', 'net_sales': '52225000', 'revenues_from_external_customers': '52225000', 'transactions_with_other_segments': None}, {'segment': 'Total', 'period': 'Prior1YTDDuration', 'net_sales': '1062089000', 'revenues_from_external_customers': '1062089000', 'transactions_with_other_segments': None}, {'segment': 'PlantDismantlingReportableSegments', 'period': 'Prior1YTDDuration', 'net_sales': '1062089000', 'revenues_from_external_customers': '1062089000', 'transactions_with_other_segments': None}, {'segment': 'PlantDismantlingReportableSegments', 'period': 'CurrentYTDDuration', 'net_sales': '824087000', 'revenues_from_external_customers': '824087000', 'transactions_with_other_segments': None}, {'segment': 'NotInclude', 'period': 'CurrentYTDDuration', 'net_sales': '77474000', 'revenues_from_external_customers': '77474000', 'transactions_with_other_segments': None}, {'segment': 'Total', 'period': 'CurrentYTDDuration', 'net_sales': '824087000', 'revenues_from_external_customers': '824087000', 'transactions_with_other_segments': None}]}",,,2020.0,1.0,2020-06-12 09:47:00+00:00
